@ARTICLE{2018PASP..130f4002S,
       author = {{Sako}, Masao and {Bassett}, Bruce and {Becker}, Andrew C. and {Brown}, Peter J. and {Campbell}, Heather and {Wolf}, Rachel and {Cinabro}, David and {D'Andrea}, Chris B. and {Dawson}, Kyle S. and {DeJongh}, Fritz and {Depoy}, Darren L. and {Dilday}, Ben and {Doi}, Mamoru and {Filippenko}, Alexei V. and {Fischer}, John A. and {Foley}, Ryan J. and {Frieman}, Joshua A. and {Galbany}, Lluis and {Garnavich}, Peter M. and {Goobar}, Ariel and {Gupta}, Ravi R. and {Hill}, Gary J. and {Hayden}, Brian T. and {Hlozek}, Ren{\'e}e and {Holtzman}, Jon A. and {Hopp}, Ulrich and {Jha}, Saurabh W. and {Kessler}, Richard and {Kollatschny}, Wolfram and {Leloudas}, Giorgos and {Marriner}, John and {Marshall}, Jennifer L. and {Miquel}, Ramon and {Morokuma}, Tomoki and {Mosher}, Jennifer and {Nichol}, Robert C. and {Nordin}, Jakob and {Olmstead}, Matthew D. and {{\"O}stman}, Linda and {Prieto}, Jose L. and {Richmond}, Michael and {Romani}, Roger W. and {Sollerman}, Jesper and {Stritzinger}, Max and {Schneider}, Donald P. and {Smith}, Mathew and {Wheeler}, J. Craig and {Yasuda}, Naoki and {Zheng}, Chen},
        title = "{The Data Release of the Sloan Digital Sky Survey-II Supernova Survey}",
      journal = {\pasp},
     keywords = {Astrophysics - Cosmology and Nongalactic Astrophysics},
         year = 2018,
        month = jun,
       volume = {130},
       number = {988},
        pages = {064002},
          doi = {10.1088/1538-3873/aab4e0},
archivePrefix = {arXiv},
       eprint = {1401.3317},
 primaryClass = {astro-ph.CO},
       adsurl = {https://ui.adsabs.harvard.edu/abs/2018PASP..130f4002S},
      adsnote = {Provided by the SAO/NASA Astrophysics Data System}
}

@ARTICLE{2016AJ....152...50T,
       author = {{Tully}, R. Brent and {Courtois}, H{\'e}l{\`e}ne M. and {Sorce}, Jenny G.},
        title = "{Cosmicflows-3}",
      journal = {\aj},
     keywords = {catalogs, galaxies: distances and redshifts, large-scale structure of universe, Astrophysics - Cosmology and Nongalactic Astrophysics, Astrophysics - Astrophysics of Galaxies},
         year = 2016,
        month = aug,
       volume = {152},
       number = {2},
          eid = {50},
        pages = {50},
          doi = {10.3847/0004-6256/152/2/50},
archivePrefix = {arXiv},
       eprint = {1605.01765},
 primaryClass = {astro-ph.CO},
       adsurl = {https://ui.adsabs.harvard.edu/abs/2016AJ....152...50T},
      adsnote = {Provided by the SAO/NASA Astrophysics Data System}
}

@ARTICLE{2016MNRAS.459.4450W,
       author = {{Wittmann}, Carolin and {Lisker}, Thorsten and {Pasquali}, Anna and {Hilker}, Michael and {Grebel}, Eva K.},
        title = "{Peculiar compact stellar systems in the Fornax cluster}",
      journal = {\mnras},
     keywords = {galaxies: clusters: individual: Fornax, galaxies: dwarf, galaxies: nuclei, galaxies: peculiar, galaxies: star clusters: general, galaxies: structure, Astrophysics - Astrophysics of Galaxies},
         year = 2016,
        month = jul,
       volume = {459},
       number = {4},
        pages = {4450-4466},
          doi = {10.1093/mnras/stw827},
archivePrefix = {arXiv},
       eprint = {1605.01261},
 primaryClass = {astro-ph.GA},
       adsurl = {https://ui.adsabs.harvard.edu/abs/2016MNRAS.459.4450W},
      adsnote = {Provided by the SAO/NASA Astrophysics Data System}
}

@ARTICLE{2016ApJS..224....3N,
       author = {{Narayan}, G. and {Rest}, A. and {Tucker}, B.~E. and {Foley}, R.~J. and {Wood-Vasey}, W.~M. and {Challis}, P. and {Stubbs}, C. and {Kirshner}, R.~P. and {Aguilera}, C. and {Becker}, A.~C. and {Blondin}, S. and {Clocchiatti}, A. and {Covarrubias}, R. and {Damke}, G. and {Davis}, T.~M. and {Filippenko}, A.~V. and {Ganeshalingam}, M. and {Garg}, A. and {Garnavich}, P.~M. and {Hicken}, M. and {Jha}, S.~W. and {Krisciunas}, K. and {Leibundgut}, B. and {Li}, W. and {Matheson}, T. and {Miknaitis}, G. and {Pignata}, G. and {Prieto}, J.~L. and {Riess}, A.~G. and {Schmidt}, B.~P. and {Silverman}, J.~M. and {Smith}, R.~C. and {Sollerman}, J. and {Spyromilio}, J. and {Suntzeff}, N.~B. and {Tonry}, J.~L. and {Zenteno}, A.},
        title = "{Light Curves of 213 Type Ia Supernovae from the ESSENCE Survey}",
      journal = {\apjs},
     keywords = {cosmology: observations, methods: data analysis, supernovae: general, surveys, Astrophysics - Cosmology and Nongalactic Astrophysics, Astrophysics - Astrophysics of Galaxies},
         year = 2016,
        month = may,
       volume = {224},
       number = {1},
          eid = {3},
        pages = {3},
          doi = {10.3847/0067-0049/224/1/3},
archivePrefix = {arXiv},
       eprint = {1603.03823},
 primaryClass = {astro-ph.CO},
       adsurl = {https://ui.adsabs.harvard.edu/abs/2016ApJS..224....3N},
      adsnote = {Provided by the SAO/NASA Astrophysics Data System}
}

@ARTICLE{2016ApJ...819...63R,
       author = {{Rines}, Kenneth J. and {Geller}, Margaret J. and {Diaferio}, Antonaldo and {Hwang}, Ho Seong},
        title = "{HeCS-SZ: The Hectospec Survey of Sunyaev-Zeldovich-selected Clusters}",
      journal = {\apj},
     keywords = {cosmology: observations, galaxies: clusters: general, galaxies: distances and redshifts, galaxies: kinematics and dynamics, Astrophysics - Cosmology and Nongalactic Astrophysics},
         year = 2016,
        month = mar,
       volume = {819},
       number = {1},
          eid = {63},
        pages = {63},
          doi = {10.3847/0004-637X/819/1/63},
archivePrefix = {arXiv},
       eprint = {1507.08289},
 primaryClass = {astro-ph.CO},
       adsurl = {https://ui.adsabs.harvard.edu/abs/2016ApJ...819...63R},
      adsnote = {Provided by the SAO/NASA Astrophysics Data System}
}

@ARTICLE{2015ApJS..220....9F,
       author = {{Friedman}, Andrew S. and {Wood-Vasey}, W.~M. and {Marion}, G.~H. and {Challis}, Peter and {Mandel}, Kaisey S. and {Bloom}, Joshua S. and {Modjaz}, Maryam and {Narayan}, Gautham and {Hicken}, Malcolm and {Foley}, Ryan J. and {Klein}, Christopher R. and {Starr}, Dan L. and {Morgan}, Adam and {Rest}, Armin and {Blake}, Cullen H. and {Miller}, Adam A. and {Falco}, Emilio E. and {Wyatt}, William F. and {Mink}, Jessica and {Skrutskie}, Michael F. and {Kirshner}, Robert P.},
        title = "{CfAIR2: Near-infrared Light Curves of 94 Type Ia Supernovae}",
      journal = {\apjs},
     keywords = {cosmology: observations, distance scale, infrared: stars, supernovae: general, techniques: image processing, techniques: photometric, Astrophysics - High Energy Astrophysical Phenomena, Astrophysics - Cosmology and Nongalactic Astrophysics, Astrophysics - Solar and Stellar Astrophysics},
         year = 2015,
        month = sep,
       volume = {220},
       number = {1},
          eid = {9},
        pages = {9},
          doi = {10.1088/0067-0049/220/1/9},
archivePrefix = {arXiv},
       eprint = {1408.0465},
 primaryClass = {astro-ph.HE},
       adsurl = {https://ui.adsabs.harvard.edu/abs/2015ApJS..220....9F},
      adsnote = {Provided by the SAO/NASA Astrophysics Data System}
}

@ARTICLE{2014MNRAS.444.3258M,
       author = {{Maguire}, K. and {Sullivan}, M. and {Pan}, Y. -C. and {Gal-Yam}, A. and {Hook}, I.~M. and {Howell}, D.~A. and {Nugent}, P.~E. and {Mazzali}, P. and {Chotard}, N. and {Clubb}, K.~I. and {Filippenko}, A.~V. and {Kasliwal}, M.~M. and {Kandrashoff}, M.~T. and {Poznanski}, D. and {Saunders}, C.~M. and {Silverman}, J.~M. and {Walker}, E. and {Xu}, D.},
        title = "{Exploring the spectral diversity of low-redshift Type Ia supernovae using the Palomar Transient Factory}",
      journal = {\mnras},
     keywords = {supernovae: general, galaxies: general, distance scale, Astrophysics - High Energy Astrophysical Phenomena, Astrophysics - Cosmology and Nongalactic Astrophysics, Astrophysics - Solar and Stellar Astrophysics},
         year = 2014,
        month = nov,
       volume = {444},
       number = {4},
        pages = {3258-3274},
          doi = {10.1093/mnras/stu1607},
archivePrefix = {arXiv},
       eprint = {1408.1430},
 primaryClass = {astro-ph.HE},
       adsurl = {https://ui.adsabs.harvard.edu/abs/2014MNRAS.444.3258M},
      adsnote = {Provided by the SAO/NASA Astrophysics Data System}
}

@ARTICLE{2014ApJ...795...44R,
       author = {{Rest}, A. and {Scolnic}, D. and {Foley}, R.~J. and {Huber}, M.~E. and {Chornock}, R. and {Narayan}, G. and {Tonry}, J.~L. and {Berger}, E. and {Soderberg}, A.~M. and {Stubbs}, C.~W. and {Riess}, A. and {Kirshner}, R.~P. and {Smartt}, S.~J. and {Schlafly}, E. and {Rodney}, S. and {Botticella}, M.~T. and {Brout}, D. and {Challis}, P. and {Czekala}, I. and {Drout}, M. and {Hudson}, M.~J. and {Kotak}, R. and {Leibler}, C. and {Lunnan}, R. and {Marion}, G.~H. and {McCrum}, M. and {Milisavljevic}, D. and {Pastorello}, A. and {Sanders}, N.~E. and {Smith}, K. and {Stafford}, E. and {Thilker}, D. and {Valenti}, S. and {Wood-Vasey}, W.~M. and {Zheng}, Z. and {Burgett}, W.~S. and {Chambers}, K.~C. and {Denneau}, L. and {Draper}, P.~W. and {Flewelling}, H. and {Hodapp}, K.~W. and {Kaiser}, N. and {Kudritzki}, R. -P. and {Magnier}, E.~A. and {Metcalfe}, N. and {Price}, P.~A. and {Sweeney}, W. and {Wainscoat}, R. and {Waters}, C.},
        title = "{Cosmological Constraints from Measurements of Type Ia Supernovae Discovered during the First 1.5 yr of the Pan-STARRS1 Survey}",
      journal = {\apj},
     keywords = {cosmological parameters, cosmology: observations, dark energy, supernovae: general, Astrophysics - Cosmology and Nongalactic Astrophysics},
         year = 2014,
        month = nov,
       volume = {795},
       number = {1},
          eid = {44},
        pages = {44},
          doi = {10.1088/0004-637X/795/1/44},
archivePrefix = {arXiv},
       eprint = {1310.3828},
 primaryClass = {astro-ph.CO},
       adsurl = {https://ui.adsabs.harvard.edu/abs/2014ApJ...795...44R},
      adsnote = {Provided by the SAO/NASA Astrophysics Data System}
}

@ARTICLE{2014ApJS..213...35G,
       author = {{Geller}, Margaret J. and {Hwang}, Ho Seong and {Fabricant}, Daniel G. and {Kurtz}, Michael J. and {Dell'Antonio}, Ian P. and {Zahid}, Harus Jabran},
        title = "{SHELS: A Complete Galaxy Redshift Survey with R <= 20.6}",
      journal = {\apjs},
     keywords = {cosmology: observations, galaxies: abundances, galaxies: distances and redshifts, galaxies: evolution, large-scale structure of universe, surveys, Astrophysics - Astrophysics of Galaxies, Astrophysics - Cosmology and Nongalactic Astrophysics},
         year = 2014,
        month = aug,
       volume = {213},
       number = {2},
          eid = {35},
        pages = {35},
          doi = {10.1088/0067-0049/213/2/35},
archivePrefix = {arXiv},
       eprint = {1405.7704},
 primaryClass = {astro-ph.GA},
       adsurl = {https://ui.adsabs.harvard.edu/abs/2014ApJS..213...35G},
      adsnote = {Provided by the SAO/NASA Astrophysics Data System}
}

@ARTICLE{2014MNRAS.438.1391P,
       author = {{Pan}, Y. -C. and {Sullivan}, M. and {Maguire}, K. and {Hook}, I.~M. and {Nugent}, P.~E. and {Howell}, D.~A. and {Arcavi}, I. and {Botyanszki}, J. and {Cenko}, S.~B. and {DeRose}, J. and {Fakhouri}, H.~K. and {Gal-Yam}, A. and {Hsiao}, E. and {Kulkarni}, S.~R. and {Laher}, R.~R. and {Lidman}, C. and {Nordin}, J. and {Walker}, E.~S. and {Xu}, D.},
        title = "{The host galaxies of Type Ia supernovae discovered by the Palomar Transient Factory}",
      journal = {\mnras},
     keywords = {supernovae: general, cosmology: observations, distance scale, Astrophysics - Cosmology and Nongalactic Astrophysics, Astrophysics - Solar and Stellar Astrophysics},
         year = 2014,
        month = feb,
       volume = {438},
       number = {2},
        pages = {1391-1416},
          doi = {10.1093/mnras/stt2287},
archivePrefix = {arXiv},
       eprint = {1311.6344},
 primaryClass = {astro-ph.CO},
       adsurl = {https://ui.adsabs.harvard.edu/abs/2014MNRAS.438.1391P},
      adsnote = {Provided by the SAO/NASA Astrophysics Data System}
}

@ARTICLE{2013ApJ...770..107C,
       author = {{Childress}, M. and {Aldering}, G. and {Antilogus}, P. and {Aragon}, C. and {Bailey}, S. and {Baltay}, C. and {Bongard}, S. and {Buton}, C. and {Canto}, A. and {Cellier-Holzem}, F. and {Chotard}, N. and {Copin}, Y. and {Fakhouri}, H.~K. and {Gangler}, E. and {Guy}, J. and {Hsiao}, E.~Y. and {Kerschhaggl}, M. and {Kim}, A.~G. and {Kowalski}, M. and {Loken}, S. and {Nugent}, P. and {Paech}, K. and {Pain}, R. and {Pecontal}, E. and {Pereira}, R. and {Perlmutter}, S. and {Rabinowitz}, D. and {Rigault}, M. and {Runge}, K. and {Scalzo}, R. and {Smadja}, G. and {Tao}, C. and {Thomas}, R.~C. and {Weaver}, B.~A. and {Wu}, C.},
        title = "{Host Galaxies of Type Ia Supernovae from the Nearby Supernova Factory}",
      journal = {\apj},
     keywords = {supernovae: general, Astrophysics - Cosmology and Nongalactic Astrophysics},
         year = 2013,
        month = jun,
       volume = {770},
       number = {2},
          eid = {107},
        pages = {107},
          doi = {10.1088/0004-637X/770/2/107},
archivePrefix = {arXiv},
       eprint = {1304.4719},
 primaryClass = {astro-ph.CO},
       adsurl = {https://ui.adsabs.harvard.edu/abs/2013ApJ...770..107C},
      adsnote = {Provided by the SAO/NASA Astrophysics Data System}
}

@ARTICLE{2013ApJ...763...88C,
       author = {{Campbell}, Heather and {D'Andrea}, Chris B. and {Nichol}, Robert C. and {Sako}, Masao and {Smith}, Mathew and {Lampeitl}, Hubert and {Olmstead}, Matthew D. and {Bassett}, Bruce and {Biswas}, Rahul and {Brown}, Peter and {Cinabro}, David and {Dawson}, Kyle S. and {Dilday}, Ben and {Foley}, Ryan J. and {Frieman}, Joshua A. and {Garnavich}, Peter and {Hlozek}, Renee and {Jha}, Saurabh W. and {Kuhlmann}, Steve and {Kunz}, Martin and {Marriner}, John and {Miquel}, Ramon and {Richmond}, Michael and {Riess}, Adam and {Schneider}, Donald P. and {Sollerman}, Jesper and {Taylor}, Matt and {Zhao}, Gong-Bo},
        title = "{Cosmology with Photometrically Classified Type Ia Supernovae from the SDSS-II Supernova Survey}",
      journal = {\apj},
     keywords = {cosmology: observations, distance scale, supernovae: general, surveys, Astrophysics - Cosmology and Extragalactic Astrophysics},
         year = 2013,
        month = feb,
       volume = {763},
       number = {2},
          eid = {88},
        pages = {88},
          doi = {10.1088/0004-637X/763/2/88},
archivePrefix = {arXiv},
       eprint = {1211.4480},
 primaryClass = {astro-ph.CO},
       adsurl = {https://ui.adsabs.harvard.edu/abs/2013ApJ...763...88C},
      adsnote = {Provided by the SAO/NASA Astrophysics Data System}
}

@ARTICLE{2012ApJ...755...61S,
       author = {{Smith}, Mathew and {Nichol}, Robert C. and {Dilday}, Benjamin and {Marriner}, John and {Kessler}, Richard and {Bassett}, Bruce and {Cinabro}, David and {Frieman}, Joshua and {Garnavich}, Peter and {Jha}, Saurabh W. and {Lampeitl}, Hubert and {Sako}, Masao and {Schneider}, Donald P. and {Sollerman}, Jesper},
        title = "{The SDSS-II Supernova Survey: Parameterizing the Type Ia Supernova Rate as a Function of Host Galaxy Properties}",
      journal = {\apj},
     keywords = {cosmology: observations, distance scale, galaxies: evolution, supernovae: general, Astrophysics - Cosmology and Nongalactic Astrophysics},
         year = 2012,
        month = aug,
       volume = {755},
       number = {1},
          eid = {61},
        pages = {61},
          doi = {10.1088/0004-637X/755/1/61},
archivePrefix = {arXiv},
       eprint = {1108.4923},
 primaryClass = {astro-ph.CO},
       adsurl = {https://ui.adsabs.harvard.edu/abs/2012ApJ...755...61S},
      adsnote = {Provided by the SAO/NASA Astrophysics Data System}
}

@ARTICLE{2012AandA...544A..81H,
       author = {{Hakobyan}, A.~A. and {Adibekyan}, V. Zh. and {Aramyan}, L.~S. and {Petrosian}, A.~R. and {Gomes}, J.~M. and {Mamon}, G.~A. and {Kunth}, D. and {Turatto}, M.},
        title = "{Supernovae and their host galaxies. I. The SDSS DR8 database and statistics}",
      journal = {\aap},
     keywords = {astronomical databases: miscellaneous, supernovae: general, galaxies: general, galaxies: fundamental parameters, galaxies: structure, Astrophysics - Cosmology and Extragalactic Astrophysics},
         year = 2012,
        month = aug,
       volume = {544},
          eid = {A81},
        pages = {A81},
          doi = {10.1051/0004-6361/201219541},
archivePrefix = {arXiv},
       eprint = {1206.5016},
 primaryClass = {astro-ph.CO},
       adsurl = {https://ui.adsabs.harvard.edu/abs/2012AandA...544A..81H},
      adsnote = {Provided by the SAO/NASA Astrophysics Data System}
}

@ARTICLE{2012MNRAS.422...25S,
       author = {{Smith}, Anthony G. and {Hopkins}, Andrew M. and {Hunstead}, Richard W. and {Pimbblet}, Kevin A.},
        title = "{Multiscale probability mapping: groups, clusters and an algorithmic search for filaments in SDSS}",
      journal = {\mnras},
     keywords = {methods: statistical, catalogues, surveys, galaxies: clusters: general, galaxies: groups: general, large-scale structure of Universe, Astrophysics - Cosmology and Nongalactic Astrophysics, Astrophysics - Instrumentation and Methods for Astrophysics},
         year = 2012,
        month = may,
       volume = {422},
       number = {1},
        pages = {25-43},
          doi = {10.1111/j.1365-2966.2012.20400.x},
archivePrefix = {arXiv},
       eprint = {1201.0570},
 primaryClass = {astro-ph.CO},
       adsurl = {https://ui.adsabs.harvard.edu/abs/2012MNRAS.422...25S},
      adsnote = {Provided by the SAO/NASA Astrophysics Data System}
}

@ARTICLE{2012AJ....143..126B,
       author = {{Blondin}, S. and {Matheson}, T. and {Kirshner}, R.~P. and {Mandel}, K.~S. and {Berlind}, P. and {Calkins}, M. and {Challis}, P. and {Garnavich}, P.~M. and {Jha}, S.~W. and {Modjaz}, M. and {Riess}, A.~G. and {Schmidt}, B.~P.},
        title = "{The Spectroscopic Diversity of Type Ia Supernovae}",
      journal = {\aj},
     keywords = {supernovae: general, surveys, Astrophysics - Solar and Stellar Astrophysics, Astrophysics - Cosmology and Extragalactic Astrophysics},
         year = 2012,
        month = may,
       volume = {143},
       number = {5},
          eid = {126},
        pages = {126},
          doi = {10.1088/0004-6256/143/5/126},
archivePrefix = {arXiv},
       eprint = {1203.4832},
 primaryClass = {astro-ph.SR},
       adsurl = {https://ui.adsabs.harvard.edu/abs/2012AJ....143..126B},
      adsnote = {Provided by the SAO/NASA Astrophysics Data System}
}

@ARTICLE{2012ApJS..199...26H,
       author = {{Huchra}, John P. and {Macri}, Lucas M. and {Masters}, Karen L. and {Jarrett}, Thomas H. and {Berlind}, Perry and {Calkins}, Michael and {Crook}, Aidan C. and {Cutri}, Roc and {Erdo{\v{g}}du}, Pirin and {Falco}, Emilio and {George}, Teddy and {Hutcheson}, Conrad M. and {Lahav}, Ofer and {Mader}, Jeff and {Mink}, Jessica D. and {Martimbeau}, Nathalie and {Schneider}, Stephen and {Skrutskie}, Michael and {Tokarz}, Susan and {Westover}, Michael},
        title = "{The 2MASS Redshift Survey{\textemdash}Description and Data Release}",
      journal = {\apjs},
     keywords = {catalogs, galaxies: distances and redshifts, surveys, Astrophysics - Cosmology and Nongalactic Astrophysics},
         year = 2012,
        month = apr,
       volume = {199},
       number = {2},
          eid = {26},
        pages = {26},
          doi = {10.1088/0067-0049/199/2/26},
archivePrefix = {arXiv},
       eprint = {1108.0669},
 primaryClass = {astro-ph.CO},
       adsurl = {https://ui.adsabs.harvard.edu/abs/2012ApJS..199...26H},
      adsnote = {Provided by the SAO/NASA Astrophysics Data System}
}

@ARTICLE{2011ApJ...740...92G,
       author = {{Gupta}, Ravi R. and {D'Andrea}, Chris B. and {Sako}, Masao and {Conroy}, Charlie and {Smith}, Mathew and {Bassett}, Bruce and {Frieman}, Joshua A. and {Garnavich}, Peter M. and {Jha}, Saurabh W. and {Kessler}, Richard and {Lampeitl}, Hubert and {Marriner}, John and {Nichol}, Robert C. and {Schneider}, Donald P.},
        title = "{Improved Constraints on Type Ia Supernova Host Galaxy Properties Using Multi-wavelength Photometry and Their Correlations with Supernova Properties}",
      journal = {\apj},
     keywords = {cosmology: observations, galaxies: photometry, supernovae: general, Astrophysics - Cosmology and Nongalactic Astrophysics},
         year = 2011,
        month = oct,
       volume = {740},
       number = {2},
          eid = {92},
        pages = {92},
          doi = {10.1088/0004-637X/740/2/92},
archivePrefix = {arXiv},
       eprint = {1107.6003},
 primaryClass = {astro-ph.CO},
       adsurl = {https://ui.adsabs.harvard.edu/abs/2011ApJ...740...92G},
      adsnote = {Provided by the SAO/NASA Astrophysics Data System}
}

@ARTICLE{2011ApJ...738..162S,
       author = {{Sako}, Masao and {Bassett}, Bruce and {Connolly}, Brian and {Dilday}, Benjamin and {Cambell}, Heather and {Frieman}, Joshua A. and {Gladney}, Larry and {Kessler}, Richard and {Lampeitl}, Hubert and {Marriner}, John and {Miquel}, Ramon and {Nichol}, Robert C. and {Schneider}, Donald P. and {Smith}, Mathew and {Sollerman}, Jesper},
        title = "{Photometric Type Ia Supernova Candidates from the Three-year SDSS-II SN Survey Data}",
      journal = {\apj},
     keywords = {cosmology: observations, supernovae: general, surveys, Astrophysics - Cosmology and Nongalactic Astrophysics},
         year = 2011,
        month = sep,
       volume = {738},
       number = {2},
          eid = {162},
        pages = {162},
          doi = {10.1088/0004-637X/738/2/162},
archivePrefix = {arXiv},
       eprint = {1107.5106},
 primaryClass = {astro-ph.CO},
       adsurl = {https://ui.adsabs.harvard.edu/abs/2011ApJ...738..162S},
      adsnote = {Provided by the SAO/NASA Astrophysics Data System}
}

@ARTICLE{2011ApJ...735..125S,
       author = {{S{\'a}nchez Almeida}, J. and {Aguerri}, J.~A.~L. and {Mu{\~n}oz-Tu{\~n}{\'o}n}, C. and {Huertas-Company}, M.},
        title = "{Relationship between Hubble Type and Spectroscopic Class in Local Galaxies}",
      journal = {\apj},
     keywords = {galaxies: evolution, galaxies: formation, galaxies: fundamental parameters, galaxies: general, galaxies: statistics, Astrophysics - Cosmology and Nongalactic Astrophysics},
         year = 2011,
        month = jul,
       volume = {735},
       number = {2},
          eid = {125},
        pages = {125},
          doi = {10.1088/0004-637X/735/2/125},
archivePrefix = {arXiv},
       eprint = {1104.4864},
 primaryClass = {astro-ph.CO},
       adsurl = {https://ui.adsabs.harvard.edu/abs/2011ApJ...735..125S},
      adsnote = {Provided by the SAO/NASA Astrophysics Data System}
}

@ARTICLE{2011MNRAS.413..813C,
       author = {{Cappellari}, Michele and {Emsellem}, Eric and {Krajnovi{\'c}}, Davor and {McDermid}, Richard M. and {Scott}, Nicholas and {Verdoes Kleijn}, G.~A. and {Young}, Lisa M. and {Alatalo}, Katherine and {Bacon}, R. and {Blitz}, Leo and {Bois}, Maxime and {Bournaud}, Fr{\'e}d{\'e}ric and {Bureau}, M. and {Davies}, Roger L. and {Davis}, Timothy A. and {de Zeeuw}, P.~T. and {Duc}, Pierre-Alain and {Khochfar}, Sadegh and {Kuntschner}, Harald and {Lablanche}, Pierre-Yves and {Morganti}, Raffaella and {Naab}, Thorsten and {Oosterloo}, Tom and {Sarzi}, Marc and {Serra}, Paolo and {Weijmans}, Anne-Marie},
        title = "{The ATLAS$^{3D}$ project - I. A volume-limited sample of 260 nearby early-type galaxies: science goals and selection criteria}",
      journal = {\mnras},
     keywords = {galaxies: distances and redshifts, galaxies: elliptical and lenticular, cD, galaxies: evolution, galaxies: formation, galaxies: kinematics and dynamics, galaxies: structure, Astrophysics - Cosmology and Nongalactic Astrophysics},
         year = 2011,
        month = may,
       volume = {413},
       number = {2},
        pages = {813-836},
          doi = {10.1111/j.1365-2966.2010.18174.x},
archivePrefix = {arXiv},
       eprint = {1012.1551},
 primaryClass = {astro-ph.CO},
       adsurl = {https://ui.adsabs.harvard.edu/abs/2011MNRAS.413..813C},
      adsnote = {Provided by the SAO/NASA Astrophysics Data System}
}

@ARTICLE{2011AandA...528A..35M,
       author = {{Magnelli}, B. and {Elbaz}, D. and {Chary}, R.~R. and {Dickinson}, M. and {Le Borgne}, D. and {Frayer}, D.~T. and {Willmer}, C.~N.~A.},
        title = "{Evolution of the dusty infrared luminosity function from z = 0 to z = 2.3 using observations from Spitzer}",
      journal = {\aap},
     keywords = {Galaxy: evolution, infrared: galaxies, galaxies: starburst, cosmology: observations, Astrophysics - Cosmology and Nongalactic Astrophysics},
         year = 2011,
        month = apr,
       volume = {528},
          eid = {A35},
        pages = {A35},
          doi = {10.1051/0004-6361/200913941},
archivePrefix = {arXiv},
       eprint = {1101.2467},
 primaryClass = {astro-ph.CO},
       adsurl = {https://ui.adsabs.harvard.edu/abs/2011AandA...528A..35M},
      adsnote = {Provided by the SAO/NASA Astrophysics Data System}
}

@ARTICLE{2011CBET.2657....1Z,
       author = {{Zheng}, W. and {Vinko}, J. and {Quimby}, R. and {Romadan}, A. and {Whallon}, N. and {Sandler}, B. and {Pandey}, S.~B. and {Yuan}, F. and {Akerlof}, C. and {Wheeler}, J.~C. and {Chatzopoulos}, E. and {Rostopchin}, S.},
        title = "{Supernova 2011ad}",
      journal = {Central Bureau Electronic Telegrams},
         year = 2011,
        month = feb,
       volume = {2657},
        pages = {1},
       adsurl = {https://ui.adsabs.harvard.edu/abs/2011CBET.2657....1Z},
      adsnote = {Provided by the SAO/NASA Astrophysics Data System}
}

@ARTICLE{2011AandA...526A..28O,
       author = {{{\"O}stman}, L. and {Nordin}, J. and {Goobar}, A. and {Amanullah}, R. and {Smith}, M. and {Sollerman}, J. and {Stanishev}, V. and {Stritzinger}, M.~D. and {Bassett}, B.~A. and {Davis}, T.~M. and {Edmondson}, E. and {Frieman}, J.~A. and {Garnavich}, P.~M. and {Lampeitl}, H. and {Leloudas}, G. and {Marriner}, J. and {Nichol}, R.~C. and {Romer}, K. and {Sako}, M. and {Schneider}, D.~P. and {Zheng}, C.},
        title = "{NTT and NOT spectroscopy of SDSS-II supernovae}",
      journal = {\aap},
     keywords = {methods: observational, techniques: spectroscopic, supernovae: general, surveys, cosmology: observations, Astrophysics - Cosmology and Nongalactic Astrophysics},
         year = 2011,
        month = feb,
       volume = {526},
          eid = {A28},
        pages = {A28},
          doi = {10.1051/0004-6361/201015704},
archivePrefix = {arXiv},
       eprint = {1011.5869},
 primaryClass = {astro-ph.CO},
       adsurl = {https://ui.adsabs.harvard.edu/abs/2011AandA...526A..28O},
      adsnote = {Provided by the SAO/NASA Astrophysics Data System}
}

@ARTICLE{2011MNRAS.410.1262W,
       author = {{Walker}, E.~S. and {Hook}, I.~M. and {Sullivan}, M. and {Howell}, D.~A. and {Astier}, P. and {Balland}, C. and {Basa}, S. and {Bronder}, T.~J. and {Carlberg}, R. and {Conley}, A. and {Fouchez}, D. and {Guy}, J. and {Hardin}, D. and {Pain}, R. and {Perrett}, K. and {Pritchet}, C. and {Regnault}, N. and {Rich}, J. and {Aldering}, G. and {Fakhouri}, H.~K. and {Kronborg}, T. and {Palanque-Delabrouille}, N. and {Perlmutter}, S. and {Ruhlmann-Kleider}, V. and {Zhang}, T.},
        title = "{Supernova Legacy Survey: using spectral signatures to improve Type Ia supernovae as distance indicators}",
      journal = {\mnras},
     keywords = {cosmology: observations, supernovae: general, Astrophysics - Cosmology and Nongalactic Astrophysics},
         year = 2011,
        month = jan,
       volume = {410},
       number = {2},
        pages = {1262-1282},
          doi = {10.1111/j.1365-2966.2010.17519.x},
archivePrefix = {arXiv},
       eprint = {1008.2308},
 primaryClass = {astro-ph.CO},
       adsurl = {https://ui.adsabs.harvard.edu/abs/2011MNRAS.410.1262W},
      adsnote = {Provided by the SAO/NASA Astrophysics Data System}
}

@ARTICLE{2010ApJ...722..566L,
       author = {{Lampeitl}, Hubert and {Smith}, Mathew and {Nichol}, Robert C. and {Bassett}, Bruce and {Cinabro}, David and {Dilday}, Benjamin and {Foley}, Ryan J. and {Frieman}, Joshua A. and {Garnavich}, Peter M. and {Goobar}, Ariel and {Im}, Myungshin and {Jha}, Saurabh W. and {Marriner}, John and {Miquel}, Ramon and {Nordin}, Jakob and {{\"O}stman}, Linda and {Riess}, Adam G. and {Sako}, Masao and {Schneider}, Donald P. and {Sollerman}, Jesper and {Stritzinger}, Maximilian},
        title = "{The Effect of Host Galaxies on Type Ia Supernovae in the SDSS-II Supernova Survey}",
      journal = {\apj},
     keywords = {distance scale, galaxies: fundamental parameters, supernovae: general, Astrophysics - Cosmology and Nongalactic Astrophysics},
         year = 2010,
        month = oct,
       volume = {722},
       number = {1},
        pages = {566-576},
          doi = {10.1088/0004-637X/722/1/566},
archivePrefix = {arXiv},
       eprint = {1005.4687},
 primaryClass = {astro-ph.CO},
       adsurl = {https://ui.adsabs.harvard.edu/abs/2010ApJ...722..566L},
      adsnote = {Provided by the SAO/NASA Astrophysics Data System}
}

@ARTICLE{2010CBET.2350....1C,
       author = {{Challis}, P. and {Foley}, R.~J. and {Chornock}, R. and {Huber}, M. and {Rest}, A. and {Narayan}, G. and {Berger}, E. and {Kirshner}, R.~P. and {Soderberg}, A.~M. and {Stubbs}, C. and {Tonry}, J. and {Riess}, A. and {Wood-Vasey}, W.~M. and {Smartt}, S.~J. and {Price}, P.~A. and {Magnier}, E. and {Chambers}, K. and {Kaiser}, N. and {Morgan}, J. and {Burgett}, W. and {Heasley}, J. and {Sweeney}, W. and {Waters}, C. and {Flewelling}, H.},
        title = "{Supernovae 2010ez-2010fu}",
      journal = {Central Bureau Electronic Telegrams},
         year = 2010,
        month = jul,
       volume = {2350},
        pages = {1},
       adsurl = {https://ui.adsabs.harvard.edu/abs/2010CBET.2350....1C},
      adsnote = {Provided by the SAO/NASA Astrophysics Data System}
}

@ARTICLE{2010ApJS..189...37E,
       author = {{Evans}, Ian N. and {Primini}, Francis A. and {Glotfelty}, Kenny J. and {Anderson}, Craig S. and {Bonaventura}, Nina R. and {Chen}, Judy C. and {Davis}, John E. and {Doe}, Stephen M. and {Evans}, Janet D. and {Fabbiano}, Giuseppina and {Galle}, Elizabeth C. and {Gibbs}, Danny G., II and {Grier}, John D. and {Hain}, Roger M. and {Hall}, Diane M. and {Harbo}, Peter N. and {He}, Xiangqun Helen and {Houck}, John C. and {Karovska}, Margarita and {Kashyap}, Vinay L. and {Lauer}, Jennifer and {McCollough}, Michael L. and {McDowell}, Jonathan C. and {Miller}, Joseph B. and {Mitschang}, Arik W. and {Morgan}, Douglas L. and {Mossman}, Amy E. and {Nichols}, Joy S. and {Nowak}, Michael A. and {Plummer}, David A. and {Refsdal}, Brian L. and {Rots}, Arnold H. and {Siemiginowska}, Aneta and {Sundheim}, Beth A. and {Tibbetts}, Michael S. and {Van Stone}, David W. and {Winkelman}, Sherry L. and {Zografou}, Panagoula},
        title = "{The Chandra Source Catalog}",
      journal = {\apjs},
     keywords = {catalogs, X-rays: general, Astrophysics - High Energy Astrophysical Phenomena, Astrophysics - Instrumentation and Methods for Astrophysics},
         year = 2010,
        month = jul,
       volume = {189},
       number = {1},
        pages = {37-82},
          doi = {10.1088/0067-0049/189/1/37},
archivePrefix = {arXiv},
       eprint = {1005.4665},
 primaryClass = {astro-ph.HE},
       adsurl = {https://ui.adsabs.harvard.edu/abs/2010ApJS..189...37E},
      adsnote = {Provided by the SAO/NASA Astrophysics Data System}
}

@ARTICLE{2010AandA...515A..60O,
       author = {{O'Brien}, J.~C. and {Freeman}, K.~C. and {van der Kruit}, P.~C. and {Bosma}, A.},
        title = "{The dark matter halo shape of edge-on disk galaxies . I. HI observations}",
      journal = {\aap},
     keywords = {galaxies: structure, galaxies: kinematics and dynamics, galaxies: halos, galaxies: ISM, Astrophysics - Astrophysics of Galaxies},
         year = 2010,
        month = jun,
       volume = {515},
          eid = {A60},
        pages = {A60},
          doi = {10.1051/0004-6361/200912565},
archivePrefix = {arXiv},
       eprint = {1003.3110},
 primaryClass = {astro-ph.GA},
       adsurl = {https://ui.adsabs.harvard.edu/abs/2010AandA...515A..60O},
      adsnote = {Provided by the SAO/NASA Astrophysics Data System}
}

@ARTICLE{2010CBET.2254....1D,
       author = {{Drake}, A.~J. and {Djorgovski}, S.~G. and {Mahabal}, A. and {Graham}, M.~J. and {Williams}, R. and {Prieto}, J.~L. and {Catelan}, M. and {Beshore}, E.~C. and {Larson}, S.~M. and {Christensen}, E. and {Silverman}, J.~M. and {Kleiser}, I.~K.~W. and {Griffith}, C.~V. and {Filippenko}, A.~V.},
        title = "{Supernova 2010bu}",
      journal = {Central Bureau Electronic Telegrams},
         year = 2010,
        month = apr,
       volume = {2254},
        pages = {1},
       adsurl = {https://ui.adsabs.harvard.edu/abs/2010CBET.2254....1D},
      adsnote = {Provided by the SAO/NASA Astrophysics Data System}
}

@ARTICLE{2010ApJ...713.1026D,
       author = {{Dilday}, Benjamin and {Smith}, Mathew and {Bassett}, Bruce and {Becker}, Andrew and {Bender}, Ralf and {Castander}, Francisco and {Cinabro}, David and {Filippenko}, Alexei V. and {Frieman}, Joshua A. and {Galbany}, Llu{\'\i}s and {Garnavich}, Peter M. and {Goobar}, Ariel and {Hopp}, Ulrich and {Ihara}, Yutaka and {Jha}, Saurabh W. and {Kessler}, Richard and {Lampeitl}, Hubert and {Marriner}, John and {Miquel}, Ramon and {Moll{\'a}}, Mercedes and {Nichol}, Robert C. and {Nordin}, Jakob and {Riess}, Adam G. and {Sako}, Masao and {Schneider}, Donald P. and {Sollerman}, Jesper and {Wheeler}, J. Craig and {{\"O}stman}, Linda and {Bizyaev}, Dmitry and {Brewington}, Howard and {Malanushenko}, Elena and {Malanushenko}, Viktor and {Oravetz}, Dan and {Pan}, Kaike and {Simmons}, Audrey and {Snedden}, Stephanie},
        title = "{Measurements of the Rate of Type Ia Supernovae at Redshift lsim0.3 from the Sloan Digital Sky Survey II Supernova Survey}",
      journal = {\apj},
     keywords = {supernovae: general, Astrophysics - Cosmology and Extragalactic Astrophysics},
         year = 2010,
        month = apr,
       volume = {713},
       number = {2},
        pages = {1026-1036},
          doi = {10.1088/0004-637X/713/2/1026},
archivePrefix = {arXiv},
       eprint = {1001.4995},
 primaryClass = {astro-ph.CO},
       adsurl = {https://ui.adsabs.harvard.edu/abs/2010ApJ...713.1026D},
      adsnote = {Provided by the SAO/NASA Astrophysics Data System}
}

@ARTICLE{2010ApJ...709..572K,
       author = {{Kartaltepe}, Jeyhan S. and {Sanders}, D.~B. and {Le Floc'h}, E. and {Frayer}, D.~T. and {Aussel}, H. and {Arnouts}, S. and {Ilbert}, O. and {Salvato}, M. and {Scoville}, N.~Z. and {Surace}, J. and {Yan}, L. and {Brusa}, M. and {Capak}, P. and {Caputi}, K. and {Carollo}, C.~M. and {Civano}, F. and {Elvis}, M. and {Faure}, C. and {Hasinger}, G. and {Koekemoer}, A.~M. and {Lee}, N. and {Lilly}, S. and {Liu}, C.~T. and {McCracken}, H.~J. and {Schinnerer}, E. and {Smol{\v{c}}i{\'c}}, V. and {Taniguchi}, Y. and {Thompson}, D.~J. and {Trump}, J.},
        title = "{A Multiwavelength Study of a Sample of 70 {\ensuremath{\mu}}m Selected Galaxies in the COSMOS Field. I. Spectral Energy Distributions and Luminosities}",
      journal = {\apj},
     keywords = {cosmology: observations, galaxies: active, galaxies: evolution, galaxies: high-redshift, infrared: galaxies, surveys, Astrophysics - Cosmology and Nongalactic Astrophysics},
         year = 2010,
        month = feb,
       volume = {709},
       number = {2},
        pages = {572-596},
          doi = {10.1088/0004-637X/709/2/572},
archivePrefix = {arXiv},
       eprint = {0911.4515},
 primaryClass = {astro-ph.CO},
       adsurl = {https://ui.adsabs.harvard.edu/abs/2010ApJ...709..572K},
      adsnote = {Provided by the SAO/NASA Astrophysics Data System}
}

@ARTICLE{2009PASP..121.1395L,
       author = {{Law}, Nicholas M. and {Kulkarni}, Shrinivas R. and {Dekany}, Richard G. and {Ofek}, Eran O. and {Quimby}, Robert M. and {Nugent}, Peter E. and {Surace}, Jason and {Grillmair}, Carl C. and {Bloom}, Joshua S. and {Kasliwal}, Mansi M. and {Bildsten}, Lars and {Brown}, Tim and {Cenko}, S. Bradley and {Ciardi}, David and {Croner}, Ernest and {Djorgovski}, S. George and {van Eyken}, Julian and {Filippenko}, Alexei V. and {Fox}, Derek B. and {Gal-Yam}, Avishay and {Hale}, David and {Hamam}, Nouhad and {Helou}, George and {Henning}, John and {Howell}, D. Andrew and {Jacobsen}, Janet and {Laher}, Russ and {Mattingly}, Sean and {McKenna}, Dan and {Pickles}, Andrew and {Poznanski}, Dovi and {Rahmer}, Gustavo and {Rau}, Arne and {Rosing}, Wayne and {Shara}, Michael and {Smith}, Roger and {Starr}, Dan and {Sullivan}, Mark and {Velur}, Viswa and {Walters}, Richard and {Zolkower}, Jeff},
        title = "{The Palomar Transient Factory: System Overview, Performance, and First Results}",
      journal = {\pasp},
     keywords = {Astrophysics - Instrumentation and Methods for Astrophysics, Astrophysics - Cosmology and Nongalactic Astrophysics},
         year = 2009,
        month = dec,
       volume = {121},
       number = {886},
        pages = {1395},
          doi = {10.1086/648598},
archivePrefix = {arXiv},
       eprint = {0906.5350},
 primaryClass = {astro-ph.IM},
       adsurl = {https://ui.adsabs.harvard.edu/abs/2009PASP..121.1395L},
      adsnote = {Provided by the SAO/NASA Astrophysics Data System}
}

@ARTICLE{2009CBET.2012....1R,
       author = {{Rest}, A. and {Narayan}, G. and {Berger}, E. and {Foley}, R.~J. and {Huber}, M. and {Stubbs}, C. and {Tonry}, J. and {Price}, P.~A. and {Riess}, A. and {Wood-Vasey}, W.~M. and {Kirshner}, R.~P. and {Challis}, P. and {Soderberg}, A. and {Smartt}, S. and {Valenti}, S. and {Pastorello}, A. and {Trundle}, C. and {Mattila}, S. and {Kankare}, E.},
        title = "{Supernovae 2009ks-2009kz; Psn K0905-1, Psn K0910-1, Psn K0910-2, Psn K0910-3}",
      journal = {Central Bureau Electronic Telegrams},
         year = 2009,
        month = nov,
       volume = {2012},
        pages = {1},
       adsurl = {https://ui.adsabs.harvard.edu/abs/2009CBET.2012....1R},
      adsnote = {Provided by the SAO/NASA Astrophysics Data System}
}

@ARTICLE{2009AandA...507...85B,
       author = {{Balland}, C. and {Baumont}, S. and {Basa}, S. and {Mouchet}, M. and {Howell}, D.~A. and {Astier}, P. and {Carlberg}, R.~G. and {Conley}, A. and {Fouchez}, D. and {Guy}, J. and {Hardin}, D. and {Hook}, I.~M. and {Pain}, R. and {Perrett}, K. and {Pritchet}, C.~J. and {Regnault}, N. and {Rich}, J. and {Sullivan}, M. and {Antilogus}, P. and {Arsenijevic}, V. and {Le Du}, J. and {Fabbro}, S. and {Lidman}, C. and {Mour{\~a}o}, A. and {Palanque-Delabrouille}, N. and {P{\'e}contal}, E. and {Ruhlmann-Kleider}, V.},
        title = "{The ESO/VLT 3rd year Type Ia supernova data set from the supernova legacy survey}",
      journal = {\aap},
     keywords = {cosmology: observations, supernovae: general, methods: data analysis, techniques: spectroscopic, Astrophysics - Cosmology and Nongalactic Astrophysics},
         year = 2009,
        month = nov,
       volume = {507},
       number = {1},
        pages = {85-103},
          doi = {10.1051/0004-6361/200912246},
archivePrefix = {arXiv},
       eprint = {0909.3316},
 primaryClass = {astro-ph.CO},
       adsurl = {https://ui.adsabs.harvard.edu/abs/2009AandA...507...85B},
      adsnote = {Provided by the SAO/NASA Astrophysics Data System}
}

@ARTICLE{2009ApJS..183..214M,
       author = {{Martin}, Ann M. and {Giovanelli}, Riccardo and {Haynes}, Martha P. and {Saintonge}, Am{\'e}lie and {Hoffman}, G. Lyle and {Kent}, Brian R. and {Stierwalt}, Sabrina},
        title = "{The Arecibo Legacy Fast Alfa Survey. VIII. H I Source Catalog of the Anti-Virgo Region at {\ensuremath{\delta}} = +25{\textdegree}}",
      journal = {\apjs},
     keywords = {catalogs, galaxies: distances and redshifts, galaxies: photometry, galaxies: spiral, radio lines: galaxies, surveys, Astrophysics - Cosmology and Extragalactic Astrophysics},
         year = 2009,
        month = aug,
       volume = {183},
       number = {2},
        pages = {214-224},
          doi = {10.1088/0067-0049/183/2/214},
archivePrefix = {arXiv},
       eprint = {0906.2181},
 primaryClass = {astro-ph.CO},
       adsurl = {https://ui.adsabs.harvard.edu/abs/2009ApJS..183..214M},
      adsnote = {Provided by the SAO/NASA Astrophysics Data System}
}

@ARTICLE{2009CBET.1819....1K,
       author = {{Kasliwal}, M.~M. and {Kulkarni}, S.~R. and {Quimby}, R. and {Nugent}, P.~E. and {Howell}, D.~A. and {Cooke}, J. and {Cenko}, S.~B. and {Gal-Yam}, A. and {Law}, N. and {Levitan}, D. and {Ofek}, E.~O. and {Poznanski}, D.},
        title = "{Supernova 2009ex-2009fh and Possible Supernovae K0905-1, K0905-2, K0905-3}",
      journal = {Central Bureau Electronic Telegrams},
         year = 2009,
        month = may,
       volume = {1819},
        pages = {1},
       adsurl = {https://ui.adsabs.harvard.edu/abs/2009CBET.1819....1K},
      adsnote = {Provided by the SAO/NASA Astrophysics Data System}
}

@ARTICLE{2009CBET.1791....1D,
       author = {{Drake}, A.~J. and {Djorgovski}, S.~G. and {Mahabal}, A. and {Williams}, R. and {Graham}, M.~J. and {Moskvitin}, A.~S. and {Fatkhullin}, T.~A. and {Sokolov}, V.~V. and {Spiridonova}, O.~I. and {Valeev}, A.~F. and {Sonbas}, E. and {Pandey}, S.~B. and {Kumar}, B. and {Roy}, R. and {Tsvetkov}, D.~Y. and {Catelan}, M. and {Beshore}, E.~C. and {Larson}, S.~M. and {Christensen}, E.},
        title = "{Supernovae 2009du-2009dy}",
      journal = {Central Bureau Electronic Telegrams},
         year = 2009,
        month = may,
       volume = {1791},
        pages = {1},
       adsurl = {https://ui.adsabs.harvard.edu/abs/2009CBET.1791....1D},
      adsnote = {Provided by the SAO/NASA Astrophysics Data System}
}

@ARTICLE{2009AJ....137.4436M,
       author = {{Miller}, Neal A. and {Hornschemeier}, Ann E. and {Mobasher}, Bahram},
        title = "{A Deep Very Large Array Radio Continuum Survey of the Core and Outskirts of the Coma Cluster}",
      journal = {\aj},
     keywords = {galaxies: clusters: general, galaxies: clusters: individual: Abell 1656, radio continuum: galaxies, Astrophysics - Cosmology and Extragalactic Astrophysics, Astrophysics - Galaxy Astrophysics},
         year = 2009,
        month = may,
       volume = {137},
       number = {5},
        pages = {4436-4449},
          doi = {10.1088/0004-6256/137/5/4436},
archivePrefix = {arXiv},
       eprint = {0902.3349},
 primaryClass = {astro-ph.CO},
       adsurl = {https://ui.adsabs.harvard.edu/abs/2009AJ....137.4436M},
      adsnote = {Provided by the SAO/NASA Astrophysics Data System}
}

@ARTICLE{2009CBET.1769....1P,
       author = {{Pignata}, G. and {Maza}, J. and {Hamuy}, M. and {Antezana}, R. and {Gonzalez}, L. and {Gonzalez}, P. and {Lopez}, P. and {Silva}, S. and {Folatelli}, G. and {Iturra}, D. and {Cartier}, R. and {Forster}, F. and {Marchi}, S. and {Rojas}, A. and {Conuel}, B. and {Reichart}, D. and {Ivarsen}, K. and {Crain}, A. and {Foster}, D. and {Nysewander}, M. and {Lacluyze}, A.},
        title = "{Supernova 2009dl}",
      journal = {Central Bureau Electronic Telegrams},
         year = 2009,
        month = apr,
       volume = {1769},
        pages = {1},
       adsurl = {https://ui.adsabs.harvard.edu/abs/2009CBET.1769....1P},
      adsnote = {Provided by the SAO/NASA Astrophysics Data System}
}

@ARTICLE{2009CBET.1766....1D,
       author = {{Drake}, A.~J. and {Djorgovski}, S.~G. and {Mahabal}, A. and {Williams}, R. and {Graham}, M.~J. and {Catelan}, M. and {Beshore}, E.~C. and {Larson}, S.~M. and {Christensen}, E.},
        title = "{Supernovae 2008iw, 2008ix, 2009bx, and 2009de-2009dk}",
      journal = {Central Bureau Electronic Telegrams},
         year = 2009,
        month = apr,
       volume = {1766},
        pages = {1},
       adsurl = {https://ui.adsabs.harvard.edu/abs/2009CBET.1766....1D},
      adsnote = {Provided by the SAO/NASA Astrophysics Data System}
}

@ARTICLE{2009CBET.1754....1Q,
       author = {{Quimby}, R. and {Kasliwal}, M.~M. and {Cenko}, S.~B. and {Fox}, D. and {Gal-Yam}, A. and {Howell}, D.~A. and {Kulkarni}, S.~R. and {Law}, N. and {Levitan}, D. and {Mahabal}, A. and {Nugent}, P. and {Ofek}, E.~O. and {Poznanski}, D. and {Thomas}, R.},
        title = "{Supernovae 2009cb, 2009cg-2009cx; Psn K0903-1, K0903-2, K0903-1; Variable Stars}",
      journal = {Central Bureau Electronic Telegrams},
         year = 2009,
        month = apr,
       volume = {1754},
        pages = {1},
       adsurl = {https://ui.adsabs.harvard.edu/abs/2009CBET.1754....1Q},
      adsnote = {Provided by the SAO/NASA Astrophysics Data System}
}

@ARTICLE{2009AJ....137.3731F,
       author = {{Foley}, R.~J. and {Matheson}, T. and {Blondin}, S. and {Chornock}, R. and {Silverman}, J.~M. and {Challis}, P. and {Clocchiatti}, A. and {Filippenko}, A.~V. and {Kirshner}, R.~P. and {Leibundgut}, B. and {Sollerman}, J. and {Spyromilio}, J. and {Tonry}, J.~L. and {Davis}, T.~M. and {Garnavich}, P.~M. and {Jha}, S.~W. and {Krisciunas}, K. and {Li}, W. and {Pignata}, G. and {Rest}, A. and {Riess}, A.~G. and {Schmidt}, B.~P. and {Smith}, R.~C. and {Stubbs}, C.~W. and {Tucker}, B.~E. and {Wood-Vasey}, W.~M.},
        title = "{Spectroscopy of High-Redshift Supernovae from the Essence Project: The First Four Years}",
      journal = {\aj},
     keywords = {distance scale, galaxies: distances and redshifts, supernovae: general, Astrophysics},
         year = 2009,
        month = apr,
       volume = {137},
       number = {4},
        pages = {3731-3742},
          doi = {10.1088/0004-6256/137/4/3731},
archivePrefix = {arXiv},
       eprint = {0811.4424},
 primaryClass = {astro-ph},
       adsurl = {https://ui.adsabs.harvard.edu/abs/2009AJ....137.3731F},
      adsnote = {Provided by the SAO/NASA Astrophysics Data System}
}

@ARTICLE{2009AandA...495..707C,
       author = {{Cava}, A. and {Bettoni}, D. and {Poggianti}, B.~M. and {Couch}, W.~J. and {Moles}, M. and {Varela}, J. and {Biviano}, A. and {D'Onofrio}, M. and {Dressler}, A. and {Fasano}, G. and {Fritz}, J. and {Kj{\ae}rgaard}, P. and {Ramella}, M. and {Valentinuzzi}, T.},
        title = "{WINGS-SPE Spectroscopy in the WIde-field Nearby Galaxy-cluster Survey}",
      journal = {\aap},
     keywords = {galaxies: clusters: general, galaxies: distances and redshifts, Astrophysics},
         year = 2009,
        month = mar,
       volume = {495},
       number = {3},
        pages = {707-719},
          doi = {10.1051/0004-6361:200810997},
archivePrefix = {arXiv},
       eprint = {0812.2022},
 primaryClass = {astro-ph},
       adsurl = {https://ui.adsabs.harvard.edu/abs/2009AandA...495..707C},
      adsnote = {Provided by the SAO/NASA Astrophysics Data System}
}

@ARTICLE{2009AandA...495...53L,
       author = {{Lamareille}, F. and {Brinchmann}, J. and {Contini}, T. and {Walcher}, C.~J. and {Charlot}, S. and {P{\'e}rez-Montero}, E. and {Zamorani}, G. and {Pozzetti}, L. and {Bolzonella}, M. and {Garilli}, B. and {Paltani}, S. and {Bongiorno}, A. and {Le F{\`e}vre}, O. and {Bottini}, D. and {Le Brun}, V. and {Maccagni}, D. and {Scaramella}, R. and {Scodeggio}, M. and {Tresse}, L. and {Vettolani}, G. and {Zanichelli}, A. and {Adami}, C. and {Arnouts}, S. and {Bardelli}, S. and {Cappi}, A. and {Ciliegi}, P. and {Foucaud}, S. and {Franzetti}, P. and {Gavignaud}, I. and {Guzzo}, L. and {Ilbert}, O. and {Iovino}, A. and {McCracken}, H.~J. and {Marano}, B. and {Marinoni}, C. and {Mazure}, A. and {Meneux}, B. and {Merighi}, R. and {Pell{\`o}}, R. and {Pollo}, A. and {Radovich}, M. and {Vergani}, D. and {Zucca}, E. and {Romano}, A. and {Grado}, A. and {Limatola}, L.},
        title = "{Physical properties of galaxies and their evolution in the VIMOS VLT Deep Survey. I. The evolution of the mass-metallicity relation up to z \raisebox{-0.5ex}\textasciitilde 0.9}",
      journal = {\aap},
     keywords = {galaxies: evolution, galaxies: fundamental parameters, Galaxies: abundances, galaxies: starburst, Astrophysics},
         year = 2009,
        month = feb,
       volume = {495},
       number = {1},
        pages = {53-72},
          doi = {10.1051/0004-6361:200810397},
archivePrefix = {arXiv},
       eprint = {0811.2053},
 primaryClass = {astro-ph},
       adsurl = {https://ui.adsabs.harvard.edu/abs/2009AandA...495...53L},
      adsnote = {Provided by the SAO/NASA Astrophysics Data System}
}

@ARTICLE{2009CBET.1662....1S,
       author = {{Sand}, D. and {Graham}, M.~L. and {Bildfell}, C. and {Just}, D.~W. and {Sivanandam}, S. and {Herbert-Fort}, S. and {Pritchet}, C.~J. and {Hoekstra}, H. and {Zaritsky}, D.},
        title = "{Supernovae 2008ir, 2008is, and 2008it}",
      journal = {Central Bureau Electronic Telegrams},
         year = 2009,
        month = jan,
       volume = {1662},
        pages = {1},
       adsurl = {https://ui.adsabs.harvard.edu/abs/2009CBET.1662....1S},
      adsnote = {Provided by the SAO/NASA Astrophysics Data System}
}

@ARTICLE{2008CBET.1409....1D,
       author = {{Drake}, A.~J. and {Mahabal}, A. and {Djorgovski}, S.~G. and {Graham}, M.~J. and {Williams}, R. and {Beshore}, E.~C. and {Larson}, S.~M. and {Christensen}, E.},
        title = "{Supernovae 2008dc, 2008dd, 2008de, 2008df, 2008dg, 2008dh, 2008di}",
      journal = {Central Bureau Electronic Telegrams},
         year = 2008,
        month = jun,
       volume = {1409},
        pages = {1},
       adsurl = {https://ui.adsabs.harvard.edu/abs/2008CBET.1409....1D},
      adsnote = {Provided by the SAO/NASA Astrophysics Data System}
}

@ARTICLE{2008AJ....135.2424O,
       author = {{Ogando}, Ricardo L.~C. and {Maia}, Marcio A.~G. and {Pellegrini}, Paulo S. and {da Costa}, Luiz N.},
        title = "{Line Strengths of Early-Type Galaxies}",
      journal = {\aj},
     keywords = {galaxies: elliptical and lenticular, cD, galaxies: formation, galaxies: stellar content, Astrophysics},
         year = 2008,
        month = jun,
       volume = {135},
       number = {6},
        pages = {2424-2445},
          doi = {10.1088/0004-6256/135/6/2424},
archivePrefix = {arXiv},
       eprint = {0803.3477},
 primaryClass = {astro-ph},
       adsurl = {https://ui.adsabs.harvard.edu/abs/2008AJ....135.2424O},
      adsnote = {Provided by the SAO/NASA Astrophysics Data System}
}

@ARTICLE{2008MNRAS.386..697R,
       author = {{Rowan-Robinson}, Michael and {Babbedge}, Tom and {Oliver}, Seb and {Trichas}, Markos and {Berta}, Stefano and {Lonsdale}, Carol and {Smith}, Gene and {Shupe}, David and {Surace}, Jason and {Arnouts}, Stephane and {Ilbert}, Olivier and {Le F{\'e}vre}, Olivier and {Afonso-Luis}, Alejandro and {Perez-Fournon}, Ismael and {Hatziminaoglou}, Evanthia and {Polletta}, Mari and {Farrah}, Duncan and {Vaccari}, Mattia},
        title = "{Photometric redshifts in the SWIRE Survey}",
      journal = {\mnras},
     keywords = {stars: formation, galaxies: evolution, galaxies: starburst, cosmology: observations, infrared: galaxies, Astrophysics},
         year = 2008,
        month = may,
       volume = {386},
       number = {2},
        pages = {697-714},
          doi = {10.1111/j.1365-2966.2008.13109.x},
archivePrefix = {arXiv},
       eprint = {0802.1890},
 primaryClass = {astro-ph},
       adsurl = {https://ui.adsabs.harvard.edu/abs/2008MNRAS.386..697R},
      adsnote = {Provided by the SAO/NASA Astrophysics Data System}
}

@ARTICLE{2008CBET.1375....1K,
       author = {{Kasliwal}, M.~M. and {Quimby}, R. and {Howell}, D.~A. and {van Kerkwijk}, M.~H. and {Kulkarni}, S.~R.},
        title = "{Supernova 2008cj}",
      journal = {Central Bureau Electronic Telegrams},
         year = 2008,
        month = may,
       volume = {1375},
        pages = {1},
       adsurl = {https://ui.adsabs.harvard.edu/abs/2008CBET.1375....1K},
      adsnote = {Provided by the SAO/NASA Astrophysics Data System}
}

@ARTICLE{2008ApJS..176...19F,
       author = {{Faure}, Cecile and {Kneib}, Jean-Paul and {Covone}, Giovanni and {Tasca}, Lidia and {Leauthaud}, Alexie and {Capak}, Peter and {Jahnke}, Knud and {Smolcic}, Vernesa and {de la Torre}, Sylvain and {Ellis}, Richard and {Finoguenov}, Alexis and {Koekemoer}, Anton and {Le Fevre}, Oliver and {Massey}, Richard and {Mellier}, Yannick and {Refregier}, Alexandre and {Rhodes}, Jason and {Scoville}, Nick and {Schinnerer}, Eva and {Taylor}, James and {Van Waerbeke}, Ludovic and {Walcher}, Jakob},
        title = "{First Catalog of Strong Lens Candidates in the COSMOS Field}",
      journal = {\apjs},
     keywords = {catalogs, galaxies: statistics, gravitational lensing, Astrophysics},
         year = 2008,
        month = may,
       volume = {176},
       number = {1},
        pages = {19-38},
          doi = {10.1086/526426},
archivePrefix = {arXiv},
       eprint = {0802.2174},
 primaryClass = {astro-ph},
       adsurl = {https://ui.adsabs.harvard.edu/abs/2008ApJS..176...19F},
      adsnote = {Provided by the SAO/NASA Astrophysics Data System}
}

@ARTICLE{2008AJ....135.1766Z,
       author = {{Zheng}, Chen and {Romani}, Roger W. and {Sako}, Masao and {Marriner}, John and {Bassett}, Bruce and {Becker}, Andrew and {Choi}, Changsu and {Cinabro}, David and {DeJongh}, Fritz and {Depoy}, Darren L. and {Dilday}, Ben and {Doi}, Mamoru and {Frieman}, Joshua A. and {Garnavich}, Peter M. and {Hogan}, Craig J. and {Holtzman}, Jon and {Im}, Myungshin and {Jha}, Saurabh and {Kessler}, Richard and {Konishi}, Kohki and {Lampeitl}, Hubert and {Marshall}, Jennifer L. and {McGinnis}, David and {Miknaitis}, Gajus and {Nichol}, Robert C. and {Prieto}, Jose Luis and {Riess}, Adam G. and {Richmond}, Michael W. and {Schneider}, Donald P. and {Smith}, Mathew and {Takanashi}, Naohiro and {Tokita}, Kouichi and {van der Heyden}, Kurt and {Yasuda}, Naoki and {Assef}, Roberto J. and {Barentine}, John and {Bender}, Ralf and {Blandford}, Roger D. and {Bremer}, Malcolm and {Brewington}, Howard and {Collins}, Chris A. and {Crotts}, Arlin and {Dembicky}, Jack and {Eastman}, Jason and {Edge}, Alastair and {Elson}, Ed and {Eyler}, Michael E. and {Filippenko}, Alexei V. and {Foley}, Ryan J. and {Frank}, Stephan and {Goobar}, Ariel and {Harvanek}, Michael and {Hopp}, Ulrich and {Ihara}, Yutaka and {Kahn}, Steven and {Ketzeback}, William and {Kleinman}, Scott J. and {Kollatschny}, Wolfram and {Krzesi{\'n}ski}, Jurek and {Leloudas}, Giorgos and {Long}, Daniel C. and {Lucey}, John and {Malanushenko}, Elena and {Malanushenko}, Viktor and {McMillan}, Russet J. and {Morgan}, Christopher W. and {Morokuma}, Tomoki and {Nitta}, Atsuko and {Ostman}, Linda and {Pan}, Kaike and {Romer}, A. Kathy and {Saurage}, Gabrelle and {Schlesinger}, Katie and {Snedden}, Stephanie A. and {Sollerman}, Jesper and {Stritzinger}, Maximilian and {Watson}, Linda C. and {Watters}, Shannon and {Wheeler}, J. Craig and {York}, Donald},
        title = "{First-Year Spectroscopy for the Sloan Digital Sky Survey-II Supernova Survey}",
      journal = {\aj},
     keywords = {cosmology: observations, methods: data analysis, supernovae: general, surveys, techniques: spectroscopic, Astrophysics},
         year = 2008,
        month = may,
       volume = {135},
       number = {5},
        pages = {1766-1784},
          doi = {10.1088/0004-6256/135/5/1766},
archivePrefix = {arXiv},
       eprint = {0802.3220},
 primaryClass = {astro-ph},
       adsurl = {https://ui.adsabs.harvard.edu/abs/2008AJ....135.1766Z},
      adsnote = {Provided by the SAO/NASA Astrophysics Data System}
}

@ARTICLE{2008CBET.1358....1S,
       author = {{Silverman}, J.~M. and {Steele}, T.~N. and {Filippenko}, A.~V. and {Foley}, R.~J. and {Poznanski}, D.},
        title = "{Supernovae 2008bv, 2008bw, 2008ca, and 2008cb}",
      journal = {Central Bureau Electronic Telegrams},
         year = 2008,
        month = apr,
       volume = {1358},
        pages = {1},
       adsurl = {https://ui.adsabs.harvard.edu/abs/2008CBET.1358....1S},
      adsnote = {Provided by the SAO/NASA Astrophysics Data System}
}

@ARTICLE{2008AJ....135.1343G,
       author = {{Graham}, M.~L. and {Pritchet}, C.~J. and {Sullivan}, M. and {Gwyn}, S.~D.~J. and {Neill}, J.~D. and {Hsiao}, E.~Y. and {Astier}, P. and {Balam}, D. and {Balland}, C. and {Basa}, S. and {Carlberg}, R.~G. and {Conley}, A. and {Fouchez}, D. and {Guy}, J. and {Hardin}, D. and {Hook}, I.~M. and {Howell}, D.~A. and {Pain}, R. and {Perrett}, K. and {Regnault}, N. and {Baumont}, S. and {LeDu}, J. and {Lidman}, C. and {Perlmutter}, S. and {Ripoche}, P. and {Suzuki}, N. and {Walker}, E.~S. and {Zhang}, T.},
        title = "{Type ia Supernovae Rates and Galaxy Clustering from the CFHT Supernova Legacy Survey}",
      journal = {\aj},
     keywords = {galaxies: clusters: general, supernovae: general, Astrophysics},
         year = 2008,
        month = apr,
       volume = {135},
       number = {4},
        pages = {1343-1349},
          doi = {10.1088/0004-6256/135/4/1343},
archivePrefix = {arXiv},
       eprint = {0801.4968},
 primaryClass = {astro-ph},
       adsurl = {https://ui.adsabs.harvard.edu/abs/2008AJ....135.1343G},
      adsnote = {Provided by the SAO/NASA Astrophysics Data System}
}

@ARTICLE{2008AandA...482...81T,
       author = {{Temporin}, S. and {Iovino}, A. and {Bolzonella}, M. and {McCracken}, H.~J. and {Scodeggio}, M. and {Garilli}, B. and {Bottini}, D. and {Le Brun}, V. and {Le F{\`e}vre}, O. and {Maccagni}, D. and {Picat}, J.~P. and {Scaramella}, R. and {Tresse}, L. and {Vettolani}, G. and {Zanichelli}, A. and {Adami}, C. and {Arnouts}, S. and {Bardelli}, S. and {Cappi}, A. and {Charlot}, S. and {Ciliegi}, P. and {Contini}, T. and {Cucciati}, O. and {Foucaud}, S. and {Franzetti}, P. and {Gavignaud}, I. and {Guzzo}, L. and {Ilbert}, O. and {Marano}, B. and {Marinoni}, C. and {Mazure}, A. and {Meneux}, B. and {Merighi}, R. and {Paltani}, S. and {Pell{\`o}}, R. and {Pollo}, A. and {Pozzetti}, L. and {Radovich}, M. and {Vergani}, D. and {Zamorani}, G. and {Zucca}, E. and {Bondi}, M. and {Bongiorno}, A. and {Brinchmann}, J. and {de la Torre}, S. and {Lamareille}, F. and {Mellier}, Y. and {Walcher}, C.~J.},
        title = "{The VIMOS VLT deep survey. The K-band follow-up in the 0226-04 field}",
      journal = {\aap},
     keywords = {infrared: galaxies, galaxies: general, surveys, cosmology: large-scale structure of Universe, Astrophysics},
         year = 2008,
        month = apr,
       volume = {482},
       number = {1},
        pages = {81-95},
          doi = {10.1051/0004-6361:20078526},
archivePrefix = {arXiv},
       eprint = {0802.1012},
 primaryClass = {astro-ph},
       adsurl = {https://ui.adsabs.harvard.edu/abs/2008AandA...482...81T},
      adsnote = {Provided by the SAO/NASA Astrophysics Data System}
}

@ARTICLE{2008CBET.1308....1Y,
       author = {{Yuan}, F. and {Sisson}, M.~D. and {Chamarro}, D. and {Akerlof}, C. and {Quimby}, R. and {Wheeler}, J.~C. and {Blondin}, S. and {Brown}, W.},
        title = "{Supernova 2008bg}",
      journal = {Central Bureau Electronic Telegrams},
         year = 2008,
        month = mar,
       volume = {1308},
        pages = {1},
       adsurl = {https://ui.adsabs.harvard.edu/abs/2008CBET.1308....1Y},
      adsnote = {Provided by the SAO/NASA Astrophysics Data System}
}

@ARTICLE{2008ApJS..175..128S,
       author = {{Shioya}, Y. and {Taniguchi}, Y. and {Sasaki}, S.~S. and {Nagao}, T. and {Murayama}, T. and {Takahashi}, M.~I. and {Ajiki}, M. and {Ideue}, Y. and {Mihara}, S. and {Nakajima}, A. and {Scoville}, N.~Z. and {Mobasher}, B. and {Aussel}, H. and {Giavalisco}, M. and {Guzzo}, L. and {Hasinger}, G. and {Impey}, C. and {Le F{\`e}vre}, O. and {Lilly}, S. and {Renzini}, A. and {Rich}, M. and {Sanders}, D.~B. and {Schinnerer}, E. and {Shopbell}, P. and {Leauthaud}, A. and {Kneib}, J. -P. and {Rhodes}, J. and {Massey}, R.},
        title = "{The H{\ensuremath{\alpha}} Luminosity Function and Star Formation Rate at z {\ensuremath{\approx}} 0.24 in the COSMOS 2 Square Degree Field}",
      journal = {\apjs},
     keywords = {galaxies: distances and redshifts, galaxies: evolution, galaxies: luminosity function, mass function, Astrophysics},
         year = 2008,
        month = mar,
       volume = {175},
       number = {1},
        pages = {128-137},
          doi = {10.1086/523703},
archivePrefix = {arXiv},
       eprint = {0709.1009},
 primaryClass = {astro-ph},
       adsurl = {https://ui.adsabs.harvard.edu/abs/2008ApJS..175..128S},
      adsnote = {Provided by the SAO/NASA Astrophysics Data System}
}

@ARTICLE{2008ApJ...674...51E,
       author = {{Ellis}, R.~S. and {Sullivan}, M. and {Nugent}, P.~E. and {Howell}, D.~A. and {Gal-Yam}, A. and {Astier}, P. and {Balam}, D. and {Balland}, C. and {Basa}, S. and {Carlberg}, R.~G. and {Conley}, A. and {Fouchez}, D. and {Guy}, J. and {Hardin}, D. and {Hook}, I. and {Pain}, R. and {Perrett}, K. and {Pritchet}, C.~J. and {Regnault}, N.},
        title = "{Verifying the Cosmological Utility of Type Ia Supernovae: Implications of a Dispersion in the Ultraviolet Spectra}",
      journal = {\apj},
     keywords = {cosmological parameters, supernovae: general, surveys, Astrophysics},
         year = 2008,
        month = feb,
       volume = {674},
       number = {1},
        pages = {51-69},
          doi = {10.1086/524981},
archivePrefix = {arXiv},
       eprint = {0710.3896},
 primaryClass = {astro-ph},
       adsurl = {https://ui.adsabs.harvard.edu/abs/2008ApJ...674...51E},
      adsnote = {Provided by the SAO/NASA Astrophysics Data System}
}

@ARTICLE{2008ApJ...673..999P,
       author = {{Prieto}, Jos{\'e} L. and {Stanek}, Krzysztof Z. and {Beacom}, John F.},
        title = "{Characterizing Supernova Progenitors via the Metallicities of their Host Galaxies, from Poor Dwarfs to Rich Spirals}",
      journal = {\apj},
     keywords = {supernovae: general, Astrophysics},
         year = 2008,
        month = feb,
       volume = {673},
       number = {2},
        pages = {999-1008},
          doi = {10.1086/524654},
archivePrefix = {arXiv},
       eprint = {0707.0690},
 primaryClass = {astro-ph},
       adsurl = {https://ui.adsabs.harvard.edu/abs/2008ApJ...673..999P},
      adsnote = {Provided by the SAO/NASA Astrophysics Data System}
}

@ARTICLE{2008AJ....135..588S,
       author = {{Saintonge}, Am{\'e}lie and {Giovanelli}, Riccardo and {Haynes}, Martha P. and {Hoffman}, G. Lyle and {Kent}, Brian R. and {Martin}, Ann M. and {Stierwalt}, Sabrina and {Brosch}, Noah},
        title = "{The Arecibo Legacy Fast Alfa Survey. V. The H I Source Catalog of the Anti-Virgo Region at {\ensuremath{\delta}} = +27{\textdegree}}",
      journal = {\aj},
     keywords = {catalogs, galaxies: distances and redshifts, galaxies: photometry, galaxies: spiral, radio lines: galaxies, surveys, Astrophysics},
         year = 2008,
        month = feb,
       volume = {135},
       number = {2},
        pages = {588-604},
          doi = {10.1088/0004-6256/135/2/588},
archivePrefix = {arXiv},
       eprint = {0711.0545},
 primaryClass = {astro-ph},
       adsurl = {https://ui.adsabs.harvard.edu/abs/2008AJ....135..588S},
      adsnote = {Provided by the SAO/NASA Astrophysics Data System}
}

@ARTICLE{2008AJ....135..348S,
       author = {{Sako}, Masao and {Bassett}, Bruce and {Becker}, Andrew and {Cinabro}, David and {DeJongh}, Fritz and {Depoy}, D.~L. and {Dilday}, Ben and {Doi}, Mamoru and {Frieman}, Joshua A. and {Garnavich}, Peter M. and {Hogan}, Craig J. and {Holtzman}, Jon and {Jha}, Saurabh and {Kessler}, Richard and {Konishi}, Kohki and {Lampeitl}, Hubert and {Marriner}, John and {Miknaitis}, Gajus and {Nichol}, Robert C. and {Prieto}, Jose Luis and {Riess}, Adam G. and {Richmond}, Michael W. and {Romani}, Roger and {Schneider}, Donald P. and {Smith}, Mathew and {SubbaRao}, Mark and {Takanashi}, Naohiro and {Tokita}, Kouichi and {van der Heyden}, Kurt and {Yasuda}, Naoki and {Zheng}, Chen and {Barentine}, John and {Brewington}, Howard and {Choi}, Changsu and {Dembicky}, Jack and {Harnavek}, Michael and {Ihara}, Yutaka and {Im}, Myungshin and {Ketzeback}, William and {Kleinman}, Scott J. and {Krzesi{\'n}ski}, Jurek and {Long}, Daniel C. and {Malanushenko}, Elena and {Malanushenko}, Viktor and {McMillan}, Russet J. and {Morokuma}, Tomoki and {Nitta}, Atsuko and {Pan}, Kaike and {Saurage}, Gabrelle and {Snedden}, Stephanie A.},
        title = "{The Sloan Digital Sky Survey-II Supernova Survey: Search Algorithm and Follow-up Observations}",
      journal = {\aj},
     keywords = {cosmology: observations, methods: data analysis, techniques: image processing, supernovae: general, surveys, Astrophysics},
         year = 2008,
        month = jan,
       volume = {135},
       number = {1},
        pages = {348-373},
          doi = {10.1088/0004-6256/135/1/348},
archivePrefix = {arXiv},
       eprint = {0708.2750},
 primaryClass = {astro-ph},
       adsurl = {https://ui.adsabs.harvard.edu/abs/2008AJ....135..348S},
      adsnote = {Provided by the SAO/NASA Astrophysics Data System}
}

@ARTICLE{2008AandA...477..717B,
       author = {{Bronder}, T.~J. and {Hook}, I.~M. and {Astier}, P. and {Balam}, D. and {Balland}, C. and {Basa}, S. and {Carlberg}, R.~G. and {Conley}, A. and {Fouchez}, D. and {Guy}, J. and {Howell}, D.~A. and {Neill}, J.~D. and {Pain}, R. and {Perrett}, K. and {Pritchet}, C.~J. and {Regnault}, N. and {Sullivan}, M. and {Baumont}, S. and {Fabbro}, S. and {Filliol}, M. and {Perlmutter}, S. and {Ripoche}, P.},
        title = "{SNLS spectroscopy: testing for evolution in type Ia supernovae}",
      journal = {\aap},
     keywords = {supernovae: general, cosmology: observations, surveys, Astrophysics},
         year = 2008,
        month = jan,
       volume = {477},
       number = {3},
        pages = {717-734},
          doi = {10.1051/0004-6361:20077655},
archivePrefix = {arXiv},
       eprint = {0709.0859},
 primaryClass = {astro-ph},
       adsurl = {https://ui.adsabs.harvard.edu/abs/2008AandA...477..717B},
      adsnote = {Provided by the SAO/NASA Astrophysics Data System}
}

@ARTICLE{2007CBET.1186....1C,
       author = {{Challis}, P.},
        title = "{Supernovae 2007sx-2007uw}",
      journal = {Central Bureau Electronic Telegrams},
         year = 2007,
        month = dec,
       volume = {1186},
        pages = {1},
       adsurl = {https://ui.adsabs.harvard.edu/abs/2007CBET.1186....1C},
      adsnote = {Provided by the SAO/NASA Astrophysics Data System}
}

@ARTICLE{2007CBET.1167....1B,
       author = {{Bassett}, B. and {Becker}, A. and {Bizyaev}, D. and {Brewington}, H. and {Choi}, C. and {Cinabro}, D. and {D'Andrea}, C. and {Dembicky}, J. and {Depoy}, D.~L. and {Dilday}, B. and {Doi}, M. and {Eastman}, J. and {Frieman}, J. and {Garnavich}, P. and {Goobar}, A. and {Hogan}, C. and {Holtzman}, J. and {Im}, M. and {Jha}, S. and {Kessler}, R. and {Ketzeback}, B. and {Konishi}, K. and {Krzesinski}, J. and {Lampeitl}, H. and {Leloudas}, G. and {Long}, D. and {Malanushenko}, O. and {Marriner}, J. and {McMillan}, R. and {Miknaitis}, G. and {Morokuma}, T. and {Mosher}, J. and {Nichol}, R. and {Oravetz}, D. and {Pan}, K. and {Ostman}, L. and {Prieto}, J.~L. and {Richmond}, M. and {Riess}, A. and {Romani}, R. and {Sako}, M. and {Schneider}, D. and {Simmons}, A. and {Smith}, M. and {Snedden}, S. and {Sollerman}, J. and {Stritzinger}, M. and {Takanashi}, N. and {Tokita}, K. and {Taylor}, M.~F. and {van der Heyden}, K. and {Watters}, S. and {Yasuda}, N. and {Wheeler}, C. and {Zheng}, C. and {Bender}, R. and {Hopp}, U. and {Kollatschny}, W. and {Assef}, R. and {Atlee}, D. and {Aragon-Salamanca}, A. and {Bremer}, M. and {Turatto}, M. and {Ruiz-Lapuente}, P. and {Castander}, F. and {Romer}, A.~K. and {Collins}, C. and {Lucey}, J. and {Edge}, A. and {Wake}, D. and {Sullivan}, M.},
        title = "{Supernovae 2007rg and 2007sb-2007sn}",
      journal = {Central Bureau Electronic Telegrams},
         year = 2007,
        month = dec,
       volume = {1167},
        pages = {1},
       adsurl = {https://ui.adsabs.harvard.edu/abs/2007CBET.1167....1B},
      adsnote = {Provided by the SAO/NASA Astrophysics Data System}
}

@ARTICLE{2007CBET.1146....1B,
       author = {{Bassett}, B. and {Becker}, A. and {Bizyaev}, D. and {Brewington}, H. and {Choi}, C. and {Cinabro}, D. and {D'Andrea}, C. and {Dembicky}, J. and {Depoy}, D.~L. and {Dilday}, B. and {Doi}, M. and {Eastman}, J. and {Frieman}, J. and {Garnavich}, P. and {Goobar}, A. and {Hogan}, C. and {Holtzman}, J. and {Im}, M. and {Jha}, S. and {Kessler}, R. and {Ketzeback}, B. and {Konishi}, K. and {Krzesinski}, J. and {Lampeitl}, H. and {Leloudas}, G. and {Long}, D. and {Malanushenko}, O. and {Marriner}, J. and {McMillan}, R. and {Miknaitis}, G. and {Morokuma}, T. and {Mosher}, J. and {Nichol}, R. and {Oravetz}, D. and {Pan}, K. and {Ostman}, L. and {Prieto}, J.~L. and {Richmond}, M. and {Riess}, A. and {Romani}, R. and {Sako}, M. and {Schneider}, D. and {Simmons}, A. and {Smith}, M. and {Snedden}, S. and {Sollerman}, J. and {Stritzinger}, M. and {Takanashi}, N. and {Tokita}, K. and {Taylor}, M.~F. and {van der Heyden}, K. and {Watters}, S. and {Yasuda}, N. and {Wheeler}, C. and {Zheng}, C. and {Aragon-Salamanca}, A. and {Bremer}, M. and {Turatto}, M. and {Ruiz-Lapuente}, P. and {Castander}, F. and {Romer}, A.~K. and {Collins}, C. and {Lucey}, J. and {Edge}, A. and {Bender}, R. and {Hopp}, U. and {Kollatschny}, W.},
        title = "{Supernovae 2007qz and 2007rc-2007rs}",
      journal = {Central Bureau Electronic Telegrams},
         year = 2007,
        month = nov,
       volume = {1146},
        pages = {1},
       adsurl = {https://ui.adsabs.harvard.edu/abs/2007CBET.1146....1B},
      adsnote = {Provided by the SAO/NASA Astrophysics Data System}
}

@ARTICLE{2007CBET.1139....1B,
       author = {{Bassett}, B. and {Becker}, A. and {Bizyaev}, D. and {Brewington}, H. and {Choi}, C. and {Cinabro}, D. and {D'Andrea}, C. and {Dembicky}, J. and {Depoy}, D.~L. and {Dilday}, B. and {Doi}, M. and {Eastman}, J. and {Frieman}, J. and {Garnavich}, P. and {Goobar}, A. and {Hogan}, C. and {Holtzman}, J. and {Im}, M. and {Jha}, S. and {Kessler}, R. and {Ketzeback}, B. and {Konishi}, K. and {Krzesinski}, J. and {Lampeitl}, H. and {Leloudas}, G. and {Long}, D. and {Malanushenko}, O. and {Marriner}, J. and {McMillan}, R. and {Miknaitis}, G. and {Morokuma}, T. and {Mosher}, J. and {Nichol}, R. and {Oravetz}, D. and {Pan}, K. and {Ostman}, L. and {Prieto}, J.~L. and {Richmond}, M. and {Riess}, A. and {Romani}, R. and {Sako}, M. and {Schneider}, D. and {Simmons}, A. and {Smith}, M. and {Snedden}, S. and {Sollerman}, J. and {Stritzinger}, M. and {Takanashi}, N. and {Tokita}, K. and {Taylor}, M.~F. and {van der Heyden}, K. and {Watters}, S. and {Yasuda}, N. and {Wheeler}, C. and {Zheng}, C. and {Aragon-Salamanca}, A. and {Bremer}, M. and {Turatto}, M. and {Ruiz-Lapuente}, P. and {Castander}, F. and {Romer}, A.~K. and {Collins}, C. and {Lucey}, J. and {Edge}, A. and {McGinnis}, D. and {Bender}, R. and {Hopp}, U. and {Kollatschny}, W. and {Watson}, L. and {Silverman}, J.~M. and {Filippenko}, A.~V. and {Foley}, R.~J.},
        title = "{Supernovae 2007qf-2007ra}",
      journal = {Central Bureau Electronic Telegrams},
         year = 2007,
        month = nov,
       volume = {1139},
        pages = {1},
       adsurl = {https://ui.adsabs.harvard.edu/abs/2007CBET.1139....1B},
      adsnote = {Provided by the SAO/NASA Astrophysics Data System}
}

@ARTICLE{2007CBET.1138....1Y,
       author = {{Yuan}, F. and {Quimby}, R. and {Aretakis}, J. and {Akerlof}, C. and {Wheeler}, J.~C.},
        title = "{Supernova 2007qe}",
      journal = {Central Bureau Electronic Telegrams},
         year = 2007,
        month = nov,
       volume = {1138},
        pages = {1},
       adsurl = {https://ui.adsabs.harvard.edu/abs/2007CBET.1138....1Y},
      adsnote = {Provided by the SAO/NASA Astrophysics Data System}
}

@ARTICLE{2007CBET.1135....1B,
       author = {{Bassett}, B. and {Becker}, A. and {Bizyaev}, D. and {Brewington}, H. and {Choi}, C. and {Cinabro}, D. and {D'Andrea}, C. and {Dembicky}, J. and {Depoy}, D.~L. and {Dilday}, B. and {Doi}, M. and {Eastman}, J. and {Frieman}, J. and {Garnavich}, P. and {Goobar}, A. and {Hogan}, C. and {Holtzman}, J. and {Im}, M. and {Jha}, S. and {Kessler}, R. and {Ketzeback}, B. and {Konishi}, K. and {Krzesinski}, J. and {Lampeitl}, H. and {Leloudas}, G. and {Long}, D. and {Malanushenko}, O. and {Marriner}, J. and {McMillan}, R. and {Miknaitis}, G. and {Morokuma}, T. and {Mosher}, J. and {Nichol}, R. and {Oravetz}, D. and {Pan}, K. and {Ostman}, L. and {Prieto}, J.~L. and {Richmond}, M. and {Riess}, A. and {Romani}, R. and {Sako}, M. and {Schneider}, D. and {Simmons}, A. and {Smith}, M. and {Snedden}, S. and {Sollerman}, J. and {Stritzinger}, M. and {Takanashi}, N. and {Tokita}, K. and {Taylor}, M.~F. and {van der Heyden}, K. and {Watters}, S. and {Yasuda}, N. and {Wheeler}, C. and {Zheng}, C. and {McGinnis}, D. and {Bender}, R. and {Hopp}, U. and {Kollatschny}, W. and {Watson}, L.},
        title = "{Supernovae 2007pn-2007qb}",
      journal = {Central Bureau Electronic Telegrams},
         year = 2007,
        month = nov,
       volume = {1135},
        pages = {1},
       adsurl = {https://ui.adsabs.harvard.edu/abs/2007CBET.1135....1B},
      adsnote = {Provided by the SAO/NASA Astrophysics Data System}
}

@ARTICLE{2007CBET.1128....1B,
       author = {{Bassett}, B. and {Becker}, A. and {Bizyaev}, D. and {Brewington}, H. and {Choi}, C. and {Cinabro}, D. and {D'Andrea}, C. and {Dembicky}, J. and {Depoy}, D.~L. and {Dilday}, B. and {Doi}, M. and {Eastman}, J. and {Frieman}, J. and {Garnavich}, P. and {Goobar}, A. and {Hogan}, C. and {Holtzman}, J. and {Im}, M. and {Jha}, S. and {Kessler}, R. and {Ketzeback}, B. and {Konishi}, K. and {Krzesinski}, J. and {Lampeitl}, H. and {Leloudas}, G. and {Long}, D. and {Malanushenko}, O. and {Marriner}, J. and {McMillan}, R. and {Miknaitis}, G. and {Morokuma}, T. and {Mosher}, J. and {Nichol}, R. and {Oravetz}, D. and {Pan}, K. and {Ostman}, L. and {Prieto}, J.~L. and {Richmond}, M. and {Riess}, A. and {Romani}, R. and {Sako}, M. and {Schneider}, D. and {Simmons}, A. and {Smith}, M. and {Snedden}, S. and {Sollerman}, J. and {Stritzinger}, M. and {Takanashi}, N. and {Tokita}, K. and {Taylor}, M.~F. and {van der Heyden}, K. and {Watters}, S. and {Yasuda}, N. and {Wheeler}, C. and {Zheng}, C. and {McGinnis}, D. and {Bender}, R. and {Hopp}, U. and {Kollatschny}, W. and {Molla}, M. and {Castander}, F. and {Miquel}, R. and {Galbany}, L.},
        title = "{Supernovae 2007oq-2007pj}",
      journal = {Central Bureau Electronic Telegrams},
         year = 2007,
        month = nov,
       volume = {1128},
        pages = {1},
       adsurl = {https://ui.adsabs.harvard.edu/abs/2007CBET.1128....1B},
      adsnote = {Provided by the SAO/NASA Astrophysics Data System}
}

@ARTICLE{2007CBET.1104....1B,
       author = {{Bassett}, B. and {Becker}, A. and {Bizyaev}, D. and {Brewington}, H. and {Choi}, C. and {Cinabro}, D. and {D'Andrea}, C. and {Dembicky}, J. and {Depoy}, D.~L. and {Dilday}, B. and {Doi}, M. and {Eastman}, J. and {Frieman}, J. and {Garnavich}, P. and {Goobar}, A. and {Hogan}, C. and {Holtzman}, J. and {Im}, M. and {Jha}, S. and {Kessler}, R. and {Ketzeback}, B. and {Konishi}, K. and {Krzesinski}, J. and {Lampeitl}, H. and {Leloudas}, G. and {Long}, D. and {Malanushenko}, O. and {Marriner}, J. and {McMillan}, R. and {Miknaitis}, G. and {Morokuma}, T. and {Mosher}, J. and {Nichol}, R. and {Oravetz}, D. and {Pan}, K. and {Ostman}, L. and {Prieto}, J.~L. and {Richmond}, M. and {Riess}, A. and {Romani}, R. and {Sako}, M. and {Schneider}, D. and {Simmons}, A. and {Smith}, M. and {Snedden}, S. and {Sollerman}, J. and {Stritzinger}, M. and {Takanashi}, N. and {Tokita}, K. and {Taylor}, M.~F. and {van der Heyden}, K. and {Watters}, S. and {Yasuda}, N. and {Wheeler}, C. and {Zheng}, C. and {Filippenko}, A.~V. and {Silverman}, J.~M. and {Foley}, R.~J. and {Modjaz}, M. and {Bremer}, M. and {Turatto}, M. and {Ruiz-Lapuente}, P. and {Castander}, F. and {Romer}, A.~K. and {Collins}, C. and {Lucey}, J. and {Edge}, A. and {Bender}, R. and {Hopp}, U. and {Kollatschny}, W. and {McGinnis}, D.},
        title = "{Supernovae 2007md and 2007mr-2007nl}",
      journal = {Central Bureau Electronic Telegrams},
         year = 2007,
        month = oct,
       volume = {1104},
        pages = {1},
       adsurl = {https://ui.adsabs.harvard.edu/abs/2007CBET.1104....1B},
      adsnote = {Provided by the SAO/NASA Astrophysics Data System}
}

@ARTICLE{2007CBET.1102....1B,
       author = {{Bassett}, B. and {Becker}, A. and {Bizyaev}, D. and {Brewington}, H. and {Choi}, C. and {Cinabro}, D. and {D'Andrea}, C. and {Dembicky}, J. and {Depoy}, D.~L. and {Dilday}, B. and {Doi}, M. and {Eastman}, J. and {Frieman}, J. and {Garnavich}, P. and {Goobar}, A. and {Hogan}, C. and {Holtzman}, J. and {Im}, M. and {Jha}, S. and {Kessler}, R. and {Ketzeback}, B. and {Konishi}, K. and {Krzesinski}, J. and {Lampeitl}, H. and {Leloudas}, G. and {Long}, D. and {Malanushenko}, O. and {Marriner}, J. and {McMillan}, R. and {Miknaitis}, G. and {Morokuma}, T. and {Mosher}, J. and {Nichol}, R. and {Oravetz}, D. and {Pan}, K. and {Ostman}, L. and {Prieto}, J.~L. and {Richmond}, M. and {Riess}, A. and {Romani}, R. and {Sako}, M. and {Schneider}, D. and {Simmons}, A. and {Smith}, M. and {Snedden}, S. and {Sollerman}, J. and {Stritzinger}, M. and {Takanashi}, N. and {Tokita}, K. and {Taylor}, M.~F. and {van der Heyden}, K. and {Watters}, S. and {Yasuda}, N. and {Wheeler}, C. and {Zheng}, C. and {Watson}, L. and {Filippenko}, A.~V. and {Silverman}, J.~M. and {Foley}, R.~J. and {Modjaz}, M. and {McGinnis}, D. and {Aragon-Salamanca}, A. and {Bremer}, M. and {Turatto}, M. and {Ruiz-Lapuente}, P. and {Castander}, F. and {Romer}, A.~K. and {Collins}, C. and {Lucey}, J. and {Edge}, A.},
        title = "{Supernovae 2007lf-2007mp}",
      journal = {Central Bureau Electronic Telegrams},
         year = 2007,
        month = oct,
       volume = {1102},
        pages = {1},
       adsurl = {https://ui.adsabs.harvard.edu/abs/2007CBET.1102....1B},
      adsnote = {Provided by the SAO/NASA Astrophysics Data System}
}

@ARTICLE{2007CBET.1098....1B,
       author = {{Bassett}, B. and {Becker}, A. and {Bizyaev}, D. and {Brewington}, H. and {Choi}, C. and {Cinabro}, D. and {D'Andrea}, C. and {Dembicky}, J. and {Depoy}, D.~L. and {Dilday}, B. and {Doi}, M. and {Eastman}, J. and {Frieman}, J. and {Gall}, C. and {Garnavich}, P. and {Goobar}, A. and {Hogan}, C. and {Holtzman}, J. and {Im}, M. and {Jha}, S. and {Konishi}, K. and {Krzesinski}, J. and {Lampeitl}, H. and {Kessler}, R. and {Ketzeback}, B. and {Long}, D. and {Malanushenko}, O. and {Marriner}, J. and {McMillan}, R. and {Miknaitis}, G. and {Morokuma}, T. and {Mosher}, J. and {Nichol}, R. and {Oravetz}, D. and {Pan}, K. and {Ostman}, L. and {Prieto}, J.~L. and {Richmond}, M. and {Riess}, A. and {Romani}, R. and {Sako}, M. and {Schneider}, D. and {Simmons}, A. and {Smith}, M. and {Snedden}, S. and {Sollerman}, J. and {Stritzinger}, M. and {Takanashi}, N. and {Tokita}, K. and {Taylor}, M.~F. and {van der Heyden}, K. and {Watters}, S. and {Yasuda}, N. and {Wheeler}, C. and {Zheng}, C. and {Bender}, R. and {Hopp}, U. and {Kollatschny}, W. and {Assef}, R. and {Peeples}, M. and {Molla}, M. and {Castander}, F. and {Miquel}, R. and {McGinnis}, D. and {Challis}, P. and {Narayan}, G. and {Kirshner}, R.},
        title = "{Supernovae 2007ju and 2007kl-2007ld}",
      journal = {Central Bureau Electronic Telegrams},
         year = 2007,
        month = oct,
       volume = {1098},
        pages = {1},
       adsurl = {https://ui.adsabs.harvard.edu/abs/2007CBET.1098....1B},
      adsnote = {Provided by the SAO/NASA Astrophysics Data System}
}

@ARTICLE{2007CBET.1079....1B,
       author = {{Bassett}, B. and {Becker}, A. and {Bizyaev}, D. and {Brewington}, H. and {Choi}, C. and {Cinabro}, D. and {D'Andrea}, C. and {Dembicky}, J. and {Depoy}, D.~L. and {Dilday}, B. and {Doi}, M. and {Eastman}, J. and {Frieman}, J. and {Gall}, C. and {Garnavich}, P. and {Goobar}, A. and {Hogan}, C. and {Holtzman}, J. and {Im}, M. and {Jha}, S. and {Konishi}, K. and {Krzesinski}, J. and {Lampeitl}, H. and {Kessler}, R. and {Ketzeback}, B. and {Long}, D. and {Malanushenko}, O. and {Marriner}, J. and {McMillan}, R. and {Miknaitis}, G. and {Morokuma}, T. and {Mosher}, J. and {Nichol}, R. and {Oravetz}, D. and {Pan}, K. and {Ostman}, L. and {Prieto}, J.~L. and {Richmond}, M. and {Riess}, A. and {Romani}, R. and {Sako}, M. and {Schneider}, D. and {Simmons}, A. and {Smith}, M. and {Snedden}, S. and {Sollerman}, J. and {Stritzinger}, M. and {Takanashi}, N. and {Tokita}, K. and {Taylor}, M.~F. and {van der Heyden}, K. and {Watters}, S. and {Yasuda}, N. and {Wheeler}, C. and {Zheng}, C. and {Aragon-Salamanca}, A. and {Bremer}, M. and {Turatto}, M. and {Ruiz-Lapuente}, P. and {Castander}, F. and {Romer}, A.~K. and {Collins}, C. and {Lucey}, J. and {Edge}, A. and {Russell}, M.},
        title = "{Supernovae 2007ji-2007jx}",
      journal = {Central Bureau Electronic Telegrams},
         year = 2007,
        month = sep,
       volume = {1079},
        pages = {1},
       adsurl = {https://ui.adsabs.harvard.edu/abs/2007CBET.1079....1B},
      adsnote = {Provided by the SAO/NASA Astrophysics Data System}
}

@ARTICLE{2007CBET.1076....1B,
       author = {{Bassett}, B. and {Becker}, A. and {Bizyaev}, D. and {Brewington}, H. and {Choi}, C. and {Cinabro}, D. and {D'Andrea}, C. and {Dembicky}, J. and {Depoy}, D.~L. and {Dilday}, B. and {Doi}, M. and {Eastman}, J. and {Frieman}, J. and {Gall}, C. and {Garnavich}, P. and {Goobar}, A. and {Hogan}, C. and {Holtzman}, J. and {Im}, M. and {Jha}, S. and {Konishi}, K. and {Krzesinski}, J. and {Lampeitl}, H. and {Kessler}, R. and {Ketzeback}, B. and {Long}, D. and {Malanushenko}, O. and {Marriner}, J. and {McMillan}, R. and {Miknaitis}, G. and {Morokuma}, T. and {Mosher}, J. and {Nichol}, R. and {Oravetz}, D. and {Pan}, K. and {Prieto}, J.~L. and {Richmond}, M. and {Riess}, A. and {Romani}, R. and {Sako}, M. and {Schneider}, D. and {Simmons}, A. and {Smith}, M. and {Snedden}, S. and {Sollerman}, J. and {Stritzinger}, M. and {Takanashi}, N. and {Tokita}, K. and {Taylor}, M.~F. and {van der Heyden}, K. and {Watters}, S. and {Yasuda}, N. and {Wheeler}, C. and {Zheng}, C. and {Aragon-Salamanca}, A. and {Bremer}, M. and {Turatto}, M. and {Ruiz-Lapuente}, P. and {Castander}, F. and {Romer}, A.~K. and {Collins}, C. and {Lucey}, J. and {Edge}, A. and {Ostman}, L. and {Bender}, R. and {Hopp}, U. and {Kollatschny}, W.},
        title = "{Supernovae 2007ix-2007jh}",
      journal = {Central Bureau Electronic Telegrams},
         year = 2007,
        month = sep,
       volume = {1076},
        pages = {1},
       adsurl = {https://ui.adsabs.harvard.edu/abs/2007CBET.1076....1B},
      adsnote = {Provided by the SAO/NASA Astrophysics Data System}
}

@ARTICLE{2007CBET.1063....1A,
       author = {{Aldering}, G. and {Aragon}, C. and {Bongard}, S. and {Childress}, M. and {Loken}, S. and {Nugent}, P. and {Perlmutter}, S. and {Runge}, K. and {Thomas}, R.~C. and {Weaver}, B.~A. and {Baltay}, C. and {Bauer}, A. and {Rabinowitz}, D. and {Scalzo}, R. and {Rigaudier}, G. and {Pecontal}, E. and {Buton}, C. and {Copin}, Y. and {Gangler}, E. and {Smadja}, G. and {Tao}, C. and {Antilogus}, P. and {Bailey}, S. and {Pain}, R. and {Pereira}, R. and {Wu}, C. and {Birchall}, D. and {Cough}, J. and {Holtzman}, J.},
        title = "{Supernovae 2007im-2007ip}",
      journal = {Central Bureau Electronic Telegrams},
         year = 2007,
        month = sep,
       volume = {1063},
        pages = {1},
       adsurl = {https://ui.adsabs.harvard.edu/abs/2007CBET.1063....1A},
      adsnote = {Provided by the SAO/NASA Astrophysics Data System}
}

@ARTICLE{2007CBET.1057....1B,
       author = {{Bassett}, B. and {Becker}, A. and {Brewington}, H. and {Choi}, C. and {Cinabro}, D. and {D'Andrea}, C. and {Dembicky}, J. and {Depoy}, D.~L. and {Dilday}, B. and {Doi}, M. and {Eastman}, J. and {Frieman}, J. and {Garnavich}, P. and {Harvanek}, M. and {Hogan}, C. and {Holtzman}, J. and {Im}, M. and {Jha}, S. and {Konishi}, K. and {Krzesinski}, J. and {Lampeitl}, H. and {Kessler}, R. and {Ketzeback}, B. and {Long}, D. and {Malanushenko}, O. and {Marriner}, J. and {McMillan}, R. and {Miknaitis}, G. and {Morokuma}, T. and {Mosher}, J. and {Nichol}, R. and {Pan}, K. and {Prieto}, J.~L. and {Richmond}, M. and {Riess}, A. and {Romani}, R. and {Sako}, M. and {Schneider}, D. and {Smith}, M. and {Snedden}, S. and {Takanashi}, N. and {Tokita}, K. and {van der Heyden}, K. and {Watters}, S. and {Yasuda}, N. and {Wheeler}, C. and {Zheng}, C. and {Atlee}, D.},
        title = "{Supernovae 2007hw-2007ie}",
      journal = {Central Bureau Electronic Telegrams},
         year = 2007,
        month = sep,
       volume = {1057},
        pages = {1},
       adsurl = {https://ui.adsabs.harvard.edu/abs/2007CBET.1057....1B},
      adsnote = {Provided by the SAO/NASA Astrophysics Data System}
}

@ARTICLE{2007ApJS..172...99C,
       author = {{Capak}, P. and {Aussel}, H. and {Ajiki}, M. and {McCracken}, H.~J. and {Mobasher}, B. and {Scoville}, N. and {Shopbell}, P. and {Taniguchi}, Y. and {Thompson}, D. and {Tribiano}, S. and {Sasaki}, S. and {Blain}, A.~W. and {Brusa}, M. and {Carilli}, C. and {Comastri}, A. and {Carollo}, C.~M. and {Cassata}, P. and {Colbert}, J. and {Ellis}, R.~S. and {Elvis}, M. and {Giavalisco}, M. and {Green}, W. and {Guzzo}, L. and {Hasinger}, G. and {Ilbert}, O. and {Impey}, C. and {Jahnke}, K. and {Kartaltepe}, J. and {Kneib}, J. -P. and {Koda}, J. and {Koekemoer}, A. and {Komiyama}, Y. and {Leauthaud}, A. and {Le Fevre}, O. and {Lilly}, S. and {Liu}, C. and {Massey}, R. and {Miyazaki}, S. and {Murayama}, T. and {Nagao}, T. and {Peacock}, J.~A. and {Pickles}, A. and {Porciani}, C. and {Renzini}, A. and {Rhodes}, J. and {Rich}, M. and {Salvato}, M. and {Sanders}, D.~B. and {Scarlata}, C. and {Schiminovich}, D. and {Schinnerer}, E. and {Scodeggio}, M. and {Sheth}, K. and {Shioya}, Y. and {Tasca}, L.~A.~M. and {Taylor}, J.~E. and {Yan}, L. and {Zamorani}, G.},
        title = "{The First Release COSMOS Optical and Near-IR Data and Catalog}",
      journal = {\apjs},
     keywords = {Cosmology: Observations, Galaxies: Evolution, Cosmology: Large-Scale Structure of Universe, Surveys, Astrophysics},
         year = 2007,
        month = sep,
       volume = {172},
       number = {1},
        pages = {99-116},
          doi = {10.1086/519081},
archivePrefix = {arXiv},
       eprint = {0704.2430},
 primaryClass = {astro-ph},
       adsurl = {https://ui.adsabs.harvard.edu/abs/2007ApJS..172...99C},
      adsnote = {Provided by the SAO/NASA Astrophysics Data System}
}

@ARTICLE{2007ApJS..172...70L,
       author = {{Lilly}, S.~J. and {Le F{\`e}vre}, O. and {Renzini}, A. and {Zamorani}, G. and {Scodeggio}, M. and {Contini}, T. and {Carollo}, C.~M. and {Hasinger}, G. and {Kneib}, J. -P. and {Iovino}, A. and {Le Brun}, V. and {Maier}, C. and {Mainieri}, V. and {Mignoli}, M. and {Silverman}, J. and {Tasca}, L.~A.~M. and {Bolzonella}, M. and {Bongiorno}, A. and {Bottini}, D. and {Capak}, P. and {Caputi}, K. and {Cimatti}, A. and {Cucciati}, O. and {Daddi}, E. and {Feldmann}, R. and {Franzetti}, P. and {Garilli}, B. and {Guzzo}, L. and {Ilbert}, O. and {Kampczyk}, P. and {Kovac}, K., and {Lamareille}, F. and {Leauthaud}, A. and {Le Borgne}, J. -F. and {McCracken}, H.~J. and {Marinoni}, C. and {Pello}, R. and {Ricciardelli}, E. and {Scarlata}, C. and {Vergani}, D. and {Sanders}, D.~B. and {Schinnerer}, E. and {Scoville}, N. and {Taniguchi}, Y. and {Arnouts}, S. and {Aussel}, H. and {Bardelli}, S. and {Brusa}, M. and {Cappi}, A. and {Ciliegi}, P. and {Finoguenov}, A. and {Foucaud}, S. and {Franceschini}, A. and {Halliday}, C. and {Impey}, C. and {Knobel}, C. and {Koekemoer}, A. and {Kurk}, J. and {Maccagni}, D. and {Maddox}, S. and {Marano}, B. and {Marconi}, G. and {Meneux}, B. and {Mobasher}, B. and {Moreau}, C. and {Peacock}, J.~A. and {Porciani}, C. and {Pozzetti}, L. and {Scaramella}, R. and {Schiminovich}, D. and {Shopbell}, P. and {Smail}, I. and {Thompson}, D. and {Tresse}, L. and {Vettolani}, G. and {Zanichelli}, A. and {Zucca}, E.},
        title = "{zCOSMOS: A Large VLT/VIMOS Redshift Survey Covering 0 < z < 3 in the COSMOS Field}",
      journal = {\apjs},
     keywords = {Cosmology: Observations, Galaxies: Active, Galaxies: Distances and Redshifts, Galaxies: Evolution, Cosmology: Large-Scale Structure of Universe, Galaxies: Quasars: General, Surveys, Astrophysics},
         year = 2007,
        month = sep,
       volume = {172},
       number = {1},
        pages = {70-85},
          doi = {10.1086/516589},
archivePrefix = {arXiv},
       eprint = {astro-ph/0612291},
 primaryClass = {astro-ph},
       adsurl = {https://ui.adsabs.harvard.edu/abs/2007ApJS..172...70L},
      adsnote = {Provided by the SAO/NASA Astrophysics Data System}
}

@ARTICLE{2007ApJ...666..674M,
       author = {{Miknaitis}, G. and {Pignata}, G. and {Rest}, A. and {Wood-Vasey}, W.~M. and {Blondin}, S. and {Challis}, P. and {Smith}, R.~C. and {Stubbs}, C.~W. and {Suntzeff}, N.~B. and {Foley}, R.~J. and {Matheson}, T. and {Tonry}, J.~L. and {Aguilera}, C. and {Blackman}, J.~W. and {Becker}, A.~C. and {Clocchiatti}, A. and {Covarrubias}, R. and {Davis}, T.~M. and {Filippenko}, A.~V. and {Garg}, A. and {Garnavich}, P.~M. and {Hicken}, M. and {Jha}, S. and {Krisciunas}, K. and {Kirshner}, R.~P. and {Leibundgut}, B. and {Li}, W. and {Miceli}, A. and {Narayan}, G. and {Prieto}, J.~L. and {Riess}, A.~G. and {Salvo}, M.~E. and {Schmidt}, B.~P. and {Sollerman}, J. and {Spyromilio}, J. and {Zenteno}, A.},
        title = "{The ESSENCE Supernova Survey: Survey Optimization, Observations, and Supernova Photometry}",
      journal = {\apj},
     keywords = {Cosmology: Observations, Methods: Data Analysis, Stars: Supernovae: General, Surveys, Astrophysics},
         year = 2007,
        month = sep,
       volume = {666},
       number = {2},
        pages = {674-693},
          doi = {10.1086/519986},
archivePrefix = {arXiv},
       eprint = {astro-ph/0701043},
 primaryClass = {astro-ph},
       adsurl = {https://ui.adsabs.harvard.edu/abs/2007ApJ...666..674M},
      adsnote = {Provided by the SAO/NASA Astrophysics Data System}
}

@ARTICLE{2007MNRAS.379..867V,
       author = {{Von Der Linden}, Anja and {Best}, Philip N. and {Kauffmann}, Guinevere and {White}, Simon D.~M.},
        title = "{How special are brightest group and cluster galaxies?}",
      journal = {\mnras},
     keywords = {Astrophysics},
         year = 2007,
        month = aug,
       volume = {379},
       number = {3},
        pages = {867-893},
          doi = {10.1111/j.1365-2966.2007.11940.x},
archivePrefix = {arXiv},
       eprint = {astro-ph/0611196},
 primaryClass = {astro-ph},
       adsurl = {https://ui.adsabs.harvard.edu/abs/2007MNRAS.379..867V},
      adsnote = {Provided by the SAO/NASA Astrophysics Data System}
}

@ARTICLE{2007CBET.1007....1A,
       author = {{Antilogus}, P. and {Pain}, R. and {Pereira}, R. and {Wu}, C. and {Aldering}, G. and {Aragon}, C. and {Bailey}, S. and {Bongard}, S. and {Childress}, M. and {Loken}, S. and {Nugent}, P. and {Perlmutter}, S. and {Runge}, K. and {Thomas}, R.~C. and {Weaver}, B.~A. and {Baltay}, C. and {Bauer}, A. and {Rabinowitz}, D. and {Scalzo}, R. and {Rigaudier}, G. and {Pecontal}, E. and {Buton}, C. and {Copin}, Y. and {Gangler}, E. and {Smadja}, G. and {Birchall}, D. and {Holtzman}, J.},
        title = "{Supernovae 2007fu, 2007fv, 2007fw, 2007fx}",
      journal = {Central Bureau Electronic Telegrams},
         year = 2007,
        month = jul,
       volume = {1007},
        pages = {1},
       adsurl = {https://ui.adsabs.harvard.edu/abs/2007CBET.1007....1A},
      adsnote = {Provided by the SAO/NASA Astrophysics Data System}
}

@ARTICLE{2007CBET..991....1A,
       author = {{Aldering}, G. and {Aragon}, C. and {Bailey}, S. and {Bongard}, S. and {Childress}, M. and {Loken}, S. and {Nugent}, P. and {Perlmutter}, S. and {Runge}, K. and {Thomas}, R.~C. and {Weaver}, B.~A. and {Antilogus}, P. and {Li}, J. and {Pain}, R. and {Pereira}, R. and {Wu}, C. and {Buton}, C. and {Copin}, Y. and {Gangler}, E. and {Smadja}, G. and {Pecontal}, E. and {Rigaudier}, G. and {Kessler}, R. and {Holtzman}, J. and {Baltay}, C. and {Bauer}, A. and {Ellman}, N. and {Rabinowitz}, D. and {Scalzo}, R.},
        title = "{Supernovae 2007ev, 2007ew, 2007ex, 2007ey, 2007ez, 2007fa}",
      journal = {Central Bureau Electronic Telegrams},
         year = 2007,
        month = jul,
       volume = {991},
        pages = {1},
       adsurl = {https://ui.adsabs.harvard.edu/abs/2007CBET..991....1A},
      adsnote = {Provided by the SAO/NASA Astrophysics Data System}
}

@ARTICLE{2007CBET..990....1A,
       author = {{Antilogus}, P. and {Li}, J. and {Pain}, R. and {Pereira}, R. and {Wu}, C. and {Buton}, C. and {Copin}, Y. and {Gangler}, E. and {Smadja}, G. and {Aldering}, G. and {Aragon}, C. and {Bailey}, S. and {Bongard}, S. and {Childress}, M. and {Loken}, S. and {Nugent}, P. and {Perlmutter}, S. and {Runge}, K. and {Thomas}, R.~C. and {Weaver}, B.~A. and {Pecontal}, E. and {Rigaudier}, G. and {Kessler}, R. and {Baltay}, C. and {Bauer}, A. and {Ellman}, N. and {Herrera}, D. and {Rabinowitz}, D. and {Scalzo}, R.},
        title = "{Supernovae 2007cw-2007eq}",
      journal = {Central Bureau Electronic Telegrams},
         year = 2007,
        month = jul,
       volume = {990},
        pages = {1},
       adsurl = {https://ui.adsabs.harvard.edu/abs/2007CBET..990....1A},
      adsnote = {Provided by the SAO/NASA Astrophysics Data System}
}

@ARTICLE{2007ApJS..171...61H,
       author = {{Healey}, Stephen E. and {Romani}, Roger W. and {Taylor}, Gregory B. and {Sadler}, Elaine M. and {Ricci}, Roberto and {Murphy}, Tara and {Ulvestad}, James S. and {Winn}, Joshua N.},
        title = "{CRATES: An All-Sky Survey of Flat-Spectrum Radio Sources}",
      journal = {\apjs},
     keywords = {Galaxies: Active, Galaxies: Quasars: General, Surveys, Astrophysics},
         year = 2007,
        month = jul,
       volume = {171},
       number = {1},
        pages = {61-71},
          doi = {10.1086/513742},
archivePrefix = {arXiv},
       eprint = {astro-ph/0702346},
 primaryClass = {astro-ph},
       adsurl = {https://ui.adsabs.harvard.edu/abs/2007ApJS..171...61H},
      adsnote = {Provided by the SAO/NASA Astrophysics Data System}
}

@ARTICLE{2007ApJ...660..239K,
       author = {{Koester}, B.~P. and {McKay}, T.~A. and {Annis}, J. and {Wechsler}, R.~H. and {Evrard}, A. and {Bleem}, L. and {Becker}, M. and {Johnston}, D. and {Sheldon}, E. and {Nichol}, R. and {Miller}, C. and {Scranton}, R. and {Bahcall}, N. and {Barentine}, J. and {Brewington}, H. and {Brinkmann}, J. and {Harvanek}, M. and {Kleinman}, S. and {Krzesinski}, J. and {Long}, D. and {Nitta}, A. and {Schneider}, D.~P. and {Sneddin}, S. and {Voges}, W. and {York}, D.},
        title = "{A MaxBCG Catalog of 13,823 Galaxy Clusters from the Sloan Digital Sky Survey}",
      journal = {\apj},
     keywords = {Galaxies: Clusters: General, Astrophysics},
         year = 2007,
        month = may,
       volume = {660},
       number = {1},
        pages = {239-255},
          doi = {10.1086/509599},
archivePrefix = {arXiv},
       eprint = {astro-ph/0701265},
 primaryClass = {astro-ph},
       adsurl = {https://ui.adsabs.harvard.edu/abs/2007ApJ...660..239K},
      adsnote = {Provided by the SAO/NASA Astrophysics Data System}
}

@ARTICLE{2007AandA...465...71T,
       author = {{Theureau}, G. and {Hanski}, M.~O. and {Coudreau}, N. and {Hallet}, N. and {Martin}, J. -M.},
        title = "{Kinematics of the Local Universe. XIII. 21-cm line measurements of 452 galaxies with the Nan{\c{c}}ay radiotelescope, JHK Tully-Fisher relation, and preliminary maps of the peculiar velocity field}",
      journal = {\aap},
     keywords = {astronomical data bases: miscellaneous, surveys, galaxies: kinematics and dynamics, radio lines: galaxies, Astrophysics},
         year = 2007,
        month = apr,
       volume = {465},
       number = {1},
        pages = {71-85},
          doi = {10.1051/0004-6361:20066187},
archivePrefix = {arXiv},
       eprint = {astro-ph/0611626},
 primaryClass = {astro-ph},
       adsurl = {https://ui.adsabs.harvard.edu/abs/2007AandA...465...71T},
      adsnote = {Provided by the SAO/NASA Astrophysics Data System}
}

@ARTICLE{2006IAUC.8789....1B,
       author = {{Boles}, T. and {Winslow}, D. and {Li}, W. and {Duszanowicz}, G. and {Kloehr}, W. and {Trondal}, O. and {Luckas}, P. and {Schwartz}, M. and {Frieman}, J. and {Masi}, G. and {Corelli}, P. and {Konstantinos}, E.},
        title = "{Supernovae 2006sr-2006te}",
      journal = {\iaucirc},
         year = 2006,
        month = dec,
       volume = {8789},
        pages = {1},
       adsurl = {https://ui.adsabs.harvard.edu/abs/2006IAUC.8789....1B},
      adsnote = {Provided by the SAO/NASA Astrophysics Data System}
}

@ARTICLE{2006IAUC.8782....1M,
       author = {{Monard}, L.~A.~G. and {Joubert}, N. and {Prasad}, R.~R. and {Li}, W. and {Itagaki}, K. and {Nakano}, S. and {Frieman}, J. and {Naito}, H. and {Shimada}, M. and {Takaki}, T. and {Yamaoka}, H.},
        title = "{Supernovae 2006nq and 2006ox-2006qr}",
      journal = {\iaucirc},
         year = 2006,
        month = dec,
       volume = {8782},
        pages = {1},
       adsurl = {https://ui.adsabs.harvard.edu/abs/2006IAUC.8782....1M},
      adsnote = {Provided by the SAO/NASA Astrophysics Data System}
}

@ARTICLE{2006CBET..745....1B,
       author = {{Bassett}, B. and {Becker}, A. and {Brewington}, H. and {Choi}, C. and {Cinabro}, D. and {Dejongh}, F. and {Dembicky}, J. and {Depoy}, D.~L. and {Dilday}, B. and {Doi}, M. and {Frieman}, J. and {Garnavich}, P. and {Harvanek}, M. and {Hogan}, C. and {Holtzman}, J. and {Im}, M. and {Jha}, S. and {Konishi}, K. and {Krzesinski}, J. and {Lampeitl}, H. and {Kessler}, R. and {Ketzeback}, B. and {Long}, D. and {Malanushenko}, O. and {Marriner}, J. and {McGinnis}, D. and {McMillan}, R. and {Miknaitis}, G. and {Morokuma}, T. and {Nichol}, R. and {Pan}, K. and {Prieto}, J.~L. and {Richmond}, M. and {Riess}, A. and {Romani}, R. and {Sako}, M. and {Saurage}, G. and {Schneider}, D. and {Smith}, M. and {Snedden}, S. and {Takanashi}, N. and {Tokita}, K. and {van der Heyden}, K. and {Watters}, S. and {Wheeler}, C. and {Yasuda}, N. and {Zheng}, C. and {Hopp}, U. and {Kollatschny}, W. and {Florack}, M. and {Hirschauer}, A. and {O'Connor}, D. and {Eastman}, J. and {Watson}, L. and {Assef}, R. and {Schlesinger}, K. and {Crotts}, A. and {Morgan}, C. and {Eyler}, M. and {Baek}, M. and {Li}, W.},
        title = "{Supernovae 2006ob-2006op}",
      journal = {Central Bureau Electronic Telegrams},
         year = 2006,
        month = nov,
       volume = {745},
        pages = {1},
       adsurl = {https://ui.adsabs.harvard.edu/abs/2006CBET..745....1B},
      adsnote = {Provided by the SAO/NASA Astrophysics Data System}
}

@ARTICLE{2006CBET..743....1B,
       author = {{Bassett}, B. and {Becker}, A. and {Brewington}, H. and {Choi}, C. and {Cinabro}, D. and {Dejongh}, F. and {Dembicky}, J. and {Depoy}, D.~L. and {Dilday}, B. and {Doi}, M. and {Frieman}, J. and {Garnavich}, P. and {Harvanek}, M. and {Hogan}, C. and {Holtzman}, J. and {Im}, M. and {Jha}, S. and {Konishi}, K. and {Krzesinski}, J. and {Lampeitl}, H. and {Kessler}, R. and {Ketzeback}, B. and {Long}, D. and {Malanushenko}, O. and {Marriner}, J. and {McGinnis}, D. and {McMillan}, R. and {Miknaitis}, G. and {Morokuma}, T. and {Nichol}, R. and {Pan}, K. and {Prieto}, J.~L. and {Richmond}, M. and {Riess}, A. and {Romani}, R. and {Sako}, M. and {Saurage}, G. and {Schneider}, D. and {Smith}, M. and {Snedden}, S. and {Takanashi}, N. and {Tokita}, K. and {van der Heyden}, K. and {Watters}, S. and {Wheeler}, C. and {Yasuda}, N. and {Zheng}, C. and {Hopp}, U. and {Kollatschny}, W. and {Stritzinger}, M. and {Sollerman}, J. and {Goobar}, A. and {Leloudas}, G. and {Henriksen}, C. and {Blondin}, S. and {Modjaz}, M. and {Kirshner}, R. and {Challis}, P. and {Macri}, L.},
        title = "{Supernovae 2006ns-2006ob}",
      journal = {Central Bureau Electronic Telegrams},
         year = 2006,
        month = nov,
       volume = {743},
        pages = {1},
       adsurl = {https://ui.adsabs.harvard.edu/abs/2006CBET..743....1B},
      adsnote = {Provided by the SAO/NASA Astrophysics Data System}
}

@ARTICLE{2006CBET..740....1B,
       author = {{Bassett}, B. and {Becker}, A. and {Brewington}, H. and {Choi}, C. and {Cinabro}, D. and {Dejongh}, F. and {Dembicky}, J. and {Depoy}, D.~L. and {Dilday}, B. and {Doi}, M. and {Frieman}, J. and {Garnavich}, P. and {Harvanek}, M. and {Hogan}, C. and {Holtzman}, J. and {Im}, M. and {Jha}, S. and {Konishi}, K. and {Krzesinski}, J. and {Lampeitl}, H. and {Kessler}, R. and {Ketzeback}, B. and {Long}, D. and {Malanushenko}, O. and {Marriner}, J. and {McGinnis}, D. and {McMillan}, R. and {Miknaitis}, G. and {Morokuma}, T. and {Nichol}, R. and {Pan}, K. and {Prieto}, J.~L. and {Richmond}, M. and {Riess}, A. and {Romani}, R. and {Sako}, M. and {Saurage}, G. and {Schneider}, D. and {Smith}, M. and {Snedden}, S. and {Takanashi}, N. and {Tokita}, K. and {van der Heyden}, K. and {Watters}, S. and {Wheeler}, C. and {Yasuda}, N. and {Zheng}, C. and {Hopp}, U. and {Kollatschny}, W.},
        title = "{Supernovae 2006nf-2006np}",
      journal = {Central Bureau Electronic Telegrams},
         year = 2006,
        month = nov,
       volume = {740},
        pages = {1},
       adsurl = {https://ui.adsabs.harvard.edu/abs/2006CBET..740....1B},
      adsnote = {Provided by the SAO/NASA Astrophysics Data System}
}

@ARTICLE{2006CBET..735....1B,
       author = {{Bassett}, B. and {Becker}, A. and {Brewington}, H. and {Choi}, C. and {Cinabro}, D. and {Dejongh}, F. and {Dembicky}, J. and {Depoy}, D.~L. and {Dilday}, B. and {Doi}, M. and {Frieman}, J. and {Garnavich}, P. and {Harvanek}, M. and {Hogan}, C. and {Holtzman}, J. and {Im}, M. and {Jha}, S. and {Konishi}, K. and {Krzesinski}, J. and {Lampeitl}, H. and {Kessler}, R. and {Ketzeback}, B. and {Long}, D. and {Malanushenko}, O. and {Marriner}, J. and {McGinnis}, D. and {McMillan}, R. and {Miknaitis}, G. and {Morokuma}, T. and {Nichol}, R. and {Pan}, K. and {Prieto}, J.~L. and {Richmond}, M. and {Riess}, A. and {Romani}, R. and {Sako}, M. and {Saurage}, G. and {Schneider}, D. and {Smith}, M. and {Snedden}, S. and {Takanashi}, N. and {Tokita}, K. and {van der Heyden}, K. and {Watters}, S. and {Wheeler}, C. and {Yasuda}, N. and {Zheng}, C. and {Eastman}, J. and {Watson}, L. and {Assef}, R. and {Schlesinger}, K. and {Crotts}, A. and {Hopp}, U. and {Kollatschny}, W.},
        title = "{Supernovae 2006mz-2006ne}",
      journal = {Central Bureau Electronic Telegrams},
         year = 2006,
        month = nov,
       volume = {735},
        pages = {1},
       adsurl = {https://ui.adsabs.harvard.edu/abs/2006CBET..735....1B},
      adsnote = {Provided by the SAO/NASA Astrophysics Data System}
}

@ARTICLE{2006CBET..726....1B,
       author = {{Bassett}, B. and {Becker}, A. and {Brewington}, H. and {Choi}, C. and {Cinabro}, D. and {Dejongh}, F. and {Dembicky}, J. and {Depoy}, D.~L. and {Dilday}, B. and {Doi}, M. and {Frieman}, J. and {Garnavich}, P. and {Harvanek}, M. and {Hogan}, C. and {Holtzman}, J. and {Im}, M. and {Jha}, S. and {Konishi}, K. and {Krzesinski}, J. and {Lampeitl}, H. and {Kessler}, R. and {Ketzeback}, B. and {Long}, D. and {Malanushenko}, O. and {Marriner}, J. and {McGinnis}, D. and {McMillan}, R. and {Miknaitis}, G. and {Morokuma}, T. and {Nichol}, R. and {Pan}, K. and {Prieto}, J.~L. and {Richmond}, M. and {Riess}, A. and {Romani}, R. and {Sako}, M. and {Saurage}, G. and {Schneider}, D. and {Smith}, M. and {Snedden}, S. and {Takanashi}, N. and {Tokita}, K. and {van der Heyden}, K. and {Watters}, S. and {Wheeler}, C. and {Yasuda}, N. and {Zheng}, C.},
        title = "{Supernovae 2006mt-2006mx}",
      journal = {Central Bureau Electronic Telegrams},
         year = 2006,
        month = nov,
       volume = {726},
        pages = {1},
       adsurl = {https://ui.adsabs.harvard.edu/abs/2006CBET..726....1B},
      adsnote = {Provided by the SAO/NASA Astrophysics Data System}
}

@ARTICLE{2006CBET..717....1P,
       author = {{Pignata}, G. and {Challis}, P. and {Wood-Vasey}, W.~M. and {Davis}, T.},
        title = "{Supernovae 2006lw-2006mn}",
      journal = {Central Bureau Electronic Telegrams},
         year = 2006,
        month = nov,
       volume = {717},
        pages = {1},
       adsurl = {https://ui.adsabs.harvard.edu/abs/2006CBET..717....1P},
      adsnote = {Provided by the SAO/NASA Astrophysics Data System}
}

@ARTICLE{2006MNRAS.372..425C,
       author = {{Cannon}, Russell and {Drinkwater}, Michael and {Edge}, Alastair and {Eisenstein}, Daniel and {Nichol}, Robert and {Outram}, Phillip and {Pimbblet}, Kevin and {de Propris}, Roberto and {Roseboom}, Isaac and {Wake}, David and {Allen}, Paul and {Bland-Hawthorn}, Joss and {Bridges}, Terry and {Carson}, Daniel and {Chiu}, Kuenley and {Colless}, Matthew and {Couch}, Warrick and {Croom}, Scott and {Driver}, Simon and {Fine}, Stephen and {Hewett}, Paul and {Loveday}, Jon and {Ross}, Nicholas and {Sadler}, Elaine M. and {Shanks}, Tom and {Sharp}, Robert and {Smith}, J. Allyn and {Stoughton}, Chris and {Weilbacher}, Peter and {Brunner}, Robert J. and {Meiksin}, Avery and {Schneider}, Donald P.},
        title = "{The 2dF-SDSS LRG and QSO (2SLAQ) Luminous Red Galaxy Survey}",
      journal = {\mnras},
     keywords = {catalogues: surveys: galaxies: high redshift: cosmology: observations, catalogues, surveys, galaxies: high redshift, cosmology: observations, Astrophysics},
         year = 2006,
        month = oct,
       volume = {372},
       number = {1},
        pages = {425-442},
          doi = {10.1111/j.1365-2966.2006.10875.x},
archivePrefix = {arXiv},
       eprint = {astro-ph/0607631},
 primaryClass = {astro-ph},
       adsurl = {https://ui.adsabs.harvard.edu/abs/2006MNRAS.372..425C},
      adsnote = {Provided by the SAO/NASA Astrophysics Data System}
}

@ARTICLE{2006CBET..688....1B,
       author = {{Bassett}, B. and {Becker}, A. and {Brewington}, H. and {Choi}, C. and {Cinabro}, D. and {Dejongh}, F. and {Dembicky}, J. and {Depoy}, D.~L. and {Dilday}, B. and {Doi}, M. and {Frieman}, J. and {Garnavich}, P. and {Harvanek}, M. and {Hogan}, C. and {Holtzman}, J. and {Im}, M. and {Jha}, S. and {Konishi}, K. and {Krzesinski}, J. and {Lampeitl}, H. and {Kessler}, R. and {Ketzeback}, B. and {Long}, D. and {Malanushenko}, O. and {Marriner}, J. and {McGinnis}, D. and {McMillan}, R. and {Miknaitis}, G. and {Morokuma}, T. and {Nichol}, R. and {Pan}, K. and {Prieto}, J.~L. and {Richmond}, M. and {Riess}, A. and {Romani}, R. and {Sako}, M. and {Saurage}, G. and {Schneider}, D. and {Smith}, M. and {Snedden}, S. and {Takanashi}, N. and {Tokita}, K. and {van der Heyden}, K. and {Watters}, S. and {Wheeler}, C. and {Yasuda}, N. and {Zheng}, C. and {Aragon-Salamanca}, A. and {Bremer}, M. and {Turatto}, M. and {Goobar}, A. and {Sollerman}, J. and {Ruiz-Lapuente}, P. and {Castander}, F. and {Romer}, A. and {Collins}, C. and {Lucey}, J. and {Edge}, A. and {Stritzinger}, M. and {Hopp}, U. and {Kollatschny}, W. and {Eastman}, J. and {Watson}, L. and {Assef}, R. and {Schlesinger}, K. and {Crotts}, A.},
        title = "{Supernovae 2006kg-2006lc}",
      journal = {Central Bureau Electronic Telegrams},
         year = 2006,
        month = oct,
       volume = {688},
        pages = {1},
       adsurl = {https://ui.adsabs.harvard.edu/abs/2006CBET..688....1B},
      adsnote = {Provided by the SAO/NASA Astrophysics Data System}
}

@ARTICLE{2006CBET..680....1B,
       author = {{Bassett}, B. and {Becker}, A. and {Brewington}, H. and {Choi}, C. and {Cinabro}, D. and {Dejongh}, F. and {Dembicky}, J. and {Depoy}, D.~L. and {Dilday}, B. and {Doi}, M. and {Frieman}, J. and {Garnavich}, P. and {Harvanek}, M. and {Hogan}, C. and {Holtzman}, J. and {Im}, M. and {Jha}, S. and {Konishi}, K. and {Krzesinski}, J. and {Lampeitl}, H. and {Kessler}, R. and {Ketzeback}, B. and {Long}, D. and {Malanushenko}, O. and {Marriner}, J. and {McGinnis}, D. and {McMillan}, R. and {Miknaitis}, G. and {Morokuma}, T. and {Nichol}, R. and {Pan}, K. and {Prieto}, J.~L. and {Richmond}, M. and {Riess}, A. and {Romani}, R. and {Sako}, M. and {Saurage}, G. and {Schneider}, D. and {Smith}, M. and {Snedden}, S. and {Takanashi}, N. and {Tokita}, K. and {van der Heyden}, K. and {Watters}, S. and {Wheeler}, C. and {Yasuda}, N. and {Zheng}, C. and {Aragon-Salamanca}, A. and {Bremer}, M. and {Turatto}, M. and {Goobar}, A. and {Sollerman}, J. and {Ruiz-Lapuente}, P. and {Castander}, F. and {Romer}, A. and {Collins}, C. and {Lucey}, J. and {Edge}, A. and {Stritzinger}, M. and {Ihara}, Y.},
        title = "{Supernovae 2006jf-2006kd}",
      journal = {Central Bureau Electronic Telegrams},
         year = 2006,
        month = oct,
       volume = {680},
        pages = {1},
       adsurl = {https://ui.adsabs.harvard.edu/abs/2006CBET..680....1B},
      adsnote = {Provided by the SAO/NASA Astrophysics Data System}
}

@ARTICLE{2006CBET..657....1B,
       author = {{Bassett}, B. and {Becker}, A. and {Brewington}, H. and {Choi}, C. and {Cinabro}, D. and {Dejongh}, F. and {Dembicky}, J. and {Depoy}, D.~L. and {Dilday}, B. and {Doi}, M. and {Frieman}, J. and {Garnavich}, P. and {Harvanek}, M. and {Hogan}, C. and {Holtzman}, J. and {Im}, M. and {Jha}, S. and {Konishi}, K. and {Krzesinski}, J. and {Lampeitl}, H. and {Kessler}, R. and {Ketzeback}, B. and {Long}, D. and {Malanushenko}, O. and {Marriner}, J. and {McGinnis}, D. and {McMillan}, R. and {Miknaitis}, G. and {Morokuma}, T. and {Nichol}, R. and {Pan}, K. and {Prieto}, J.~L. and {Richmond}, M. and {Riess}, A. and {Romani}, R. and {Sako}, M. and {Saurage}, G. and {Schneider}, D. and {Smith}, M. and {Snedden}, S. and {Takanashi}, N. and {Tokita}, K. and {van der Heyden}, K. and {Watters}, S. and {Wheeler}, C. and {Yasuda}, N. and {Zheng}, C. and {Hopp}, U. and {Kollatschny}, W.},
        title = "{Supernovae 2006hy, 2006hz, 2006ia, 2006ib}",
      journal = {Central Bureau Electronic Telegrams},
         year = 2006,
        month = oct,
       volume = {657},
        pages = {1},
       adsurl = {https://ui.adsabs.harvard.edu/abs/2006CBET..657....1B},
      adsnote = {Provided by the SAO/NASA Astrophysics Data System}
}

@ARTICLE{2006IAUC.8749....2F,
       author = {{Frieman}, J.},
        title = "{Supernovae 2006ew-2006fn}",
      journal = {\iaucirc},
         year = 2006,
        month = sep,
       volume = {8749},
        pages = {2},
       adsurl = {https://ui.adsabs.harvard.edu/abs/2006IAUC.8749....2F},
      adsnote = {Provided by the SAO/NASA Astrophysics Data System}
}

@ARTICLE{2006CBET..650....1B,
       author = {{Bassett}, B. and {Becker}, A. and {Brewington}, H. and {Choi}, C. and {Cinabro}, D. and {Dejongh}, F. and {Dembicky}, J. and {Depoy}, D.~L. and {Dilday}, B. and {Doi}, M. and {Frieman}, J. and {Garnavich}, P. and {Harvanek}, M. and {Hogan}, C. and {Holtzman}, J. and {Im}, M. and {Jha}, S. and {Konishi}, K. and {Krzesinski}, J. and {Lampeitl}, H. and {Kessler}, R. and {Ketzeback}, B. and {Long}, D. and {Malanushenko}, O. and {Marriner}, J. and {McMillan}, R. and {Miknaitis}, G. and {Morokuma}, T. and {Nichol}, R. and {Pan}, K. and {Prieto}, J.~L. and {Richmond}, M. and {Riess}, A. and {Romani}, R. and {Sako}, M. and {Saurage}, G. and {Schneider}, D. and {Smith}, M. and {Snedden}, S. and {Takanashi}, N. and {Tokita}, K. and {van der Heyden}, K. and {Watters}, S. and {Wheeler}, C. and {Yasuda}, N. and {Zheng}, C. and {Hopp}, U. and {Kollatschny}, W.},
        title = "{Supernovae 2006hc-2006hm}",
      journal = {Central Bureau Electronic Telegrams},
         year = 2006,
        month = sep,
       volume = {650},
        pages = {1},
       adsurl = {https://ui.adsabs.harvard.edu/abs/2006CBET..650....1B},
      adsnote = {Provided by the SAO/NASA Astrophysics Data System}
}

@ARTICLE{2006CBET..643....1B,
       author = {{Bassett}, B. and {Becker}, A. and {Brewington}, H. and {Choi}, C. and {Cinabro}, D. and {Dejongh}, F. and {Dembicky}, J. and {Depoy}, D.~L. and {Dilday}, B. and {Doi}, M. and {Frieman}, J. and {Garnavich}, P. and {Harvanek}, M. and {Hogan}, C. and {Holtzman}, J. and {Im}, M. and {Jha}, S. and {Konishi}, K. and {Krzesinski}, J. and {Lampeitl}, H. and {Kessler}, R. and {Ketzeback}, B. and {Long}, D. and {Malanushenko}, O. and {Marriner}, J. and {McMillan}, R. and {Miknaitis}, G. and {Morokuma}, T. and {Nichol}, R. and {Pan}, K. and {Prieto}, J.~L. and {Richmond}, M. and {Riess}, A. and {Romani}, R. and {Sako}, M. and {Schneider}, D. and {Smith}, M. and {Snedden}, S. and {Takanashi}, N. and {Tokita}, K. and {van der Heyden}, K. and {Watters}, S. and {Wheeler}, C. and {Yasuda}, N. and {Zheng}, C. and {Hopp}, U. and {Kollatschny}, W.},
        title = "{Supernovae 2006fo, 2006gu-2006gx}",
      journal = {Central Bureau Electronic Telegrams},
         year = 2006,
        month = sep,
       volume = {643},
        pages = {1},
       adsurl = {https://ui.adsabs.harvard.edu/abs/2006CBET..643....1B},
      adsnote = {Provided by the SAO/NASA Astrophysics Data System}
}

@ARTICLE{2006CBET..637....1B,
       author = {{Bassett}, B. and {Becker}, A. and {Brewington}, H. and {Choi}, C. and {Cinabro}, D. and {Dejongh}, F. and {Dembicky}, J. and {Depoy}, D.~L. and {Dilday}, B. and {Doi}, M. and {Frieman}, J. and {Garnavich}, P. and {Harvanek}, M. and {Hogan}, C. and {Holtzman}, J. and {Im}, M. and {Jha}, S. and {Konishi}, K. and {Krzesinski}, J. and {Lampeitl}, H. and {Kessler}, R. and {Ketzeback}, B. and {Long}, D. and {Malanushenko}, O. and {Marriner}, J. and {McMillan}, R. and {Miknaitis}, G. and {Morokuma}, T. and {Nichol}, R. and {Pan}, K. and {Prieto}, J.~L. and {Richmond}, M. and {Riess}, A. and {Romani}, R. and {Sako}, M. and {Schneider}, D. and {Smith}, M. and {Snedden}, S. and {Takanashi}, N. and {Tokita}, K. and {van der Heyden}, K. and {Watters}, S. and {Wheeler}, C. and {Yasuda}, N. and {Zheng}, C. and {Hopp}, U. and {Kollatschny}, W. and {Ihara}, Y. and {Vaisanen}, P.},
        title = "{Supernovae 2006gk, 2006gl, 2006gm, 2006gn, 2006go, 2006gp, 2006gq}",
      journal = {Central Bureau Electronic Telegrams},
         year = 2006,
        month = sep,
       volume = {637},
        pages = {1},
       adsurl = {https://ui.adsabs.harvard.edu/abs/2006CBET..637....1B},
      adsnote = {Provided by the SAO/NASA Astrophysics Data System}
}

@ARTICLE{2006CBET..629....1B,
       author = {{Bassett}, B. and {Becker}, A. and {Brewington}, H. and {Choi}, C. and {Cinabro}, D. and {Dejongh}, F. and {Dembicky}, J. and {Depoy}, D.~L. and {Dilday}, B. and {Doi}, M. and {Frieman}, J. and {Garnavich}, P. and {Harvanek}, M. and {Hogan}, C. and {Holtzman}, J. and {Im}, M. and {Jha}, S. and {Konishi}, K. and {Krzesinski}, J. and {Lampeitl}, H. and {Kessler}, R. and {Ketzeback}, B. and {Long}, D. and {Malanushenko}, O. and {Marriner}, J. and {McMillan}, R. and {Miknaitis}, G. and {Morokuma}, T. and {Nichol}, R. and {Pan}, K. and {Prieto}, J.~L. and {Richmond}, M. and {Riess}, A. and {Romani}, R. and {Sako}, M. and {Schneider}, D. and {Smith}, M. and {Snedden}, S. and {Takanashi}, N. and {Tokita}, K. and {van der Heyden}, K. and {Watters}, S. and {Wheeler}, C. and {Yasuda}, N. and {Zheng}, C. and {Ihara}, Y.},
        title = "{Supernovae 2006gd, 2006ge, 2006gf, 2006gg, 2006gh}",
      journal = {Central Bureau Electronic Telegrams},
         year = 2006,
        month = sep,
       volume = {629},
        pages = {1},
       adsurl = {https://ui.adsabs.harvard.edu/abs/2006CBET..629....1B},
      adsnote = {Provided by the SAO/NASA Astrophysics Data System}
}

@ARTICLE{2006CBET..627....1B,
       author = {{Bassett}, B. and {Becker}, A. and {Brewington}, H. and {Choi}, C. and {Cinabro}, D. and {Dejongh}, F. and {Dembicky}, J. and {Depoy}, D.~L. and {Dilday}, B. and {Doi}, M. and {Frieman}, J. and {Garnavich}, P. and {Harvanek}, M. and {Hogan}, C. and {Holtzman}, J. and {Im}, M. and {Jha}, S. and {Konishi}, K. and {Krzesinski}, J. and {Lampeitl}, H. and {Kessler}, R. and {Ketzeback}, B. and {Long}, D. and {Malanushenko}, O. and {Marriner}, J. and {McMillan}, R. and {Miknaitis}, G. and {Morokuma}, T. and {Nichol}, R. and {Pan}, K. and {Prieto}, J.~L. and {Richmond}, M. and {Riess}, A. and {Romani}, R. and {Sako}, M. and {Schneider}, D. and {Smith}, M. and {Snedden}, S. and {Takanashi}, N. and {Tokita}, K. and {van der Heyden}, K. and {Watters}, S. and {Yasuda}, N. and {Zheng}, C. and {Aragon-Salamanca}, A. and {Bremer}, M. and {Turatto}, M. and {Goobar}, A. and {Sollerman}, J. and {Ruiz-Lapuente}, P. and {Castander}, F. and {Romer}, A. and {Collins}, C. and {Lucey}, J. and {Edge}, A. and {Ihara}, Y.},
        title = "{Supernovae 2006fq-2006ga}",
      journal = {Central Bureau Electronic Telegrams},
         year = 2006,
        month = sep,
       volume = {627},
        pages = {1},
       adsurl = {https://ui.adsabs.harvard.edu/abs/2006CBET..627....1B},
      adsnote = {Provided by the SAO/NASA Astrophysics Data System}
}

@ARTICLE{2006AJ....132.1126N,
       author = {{Neill}, J.~D. and {Sullivan}, M. and {Balam}, D. and {Pritchet}, C.~J. and {Howell}, D.~A. and {Perrett}, K. and {Astier}, P. and {Aubourg}, E. and {Basa}, S. and {Carlberg}, R.~G. and {Conley}, A. and {Fabbro}, S. and {Fouchez}, D. and {Guy}, J. and {Hook}, I. and {Pain}, R. and {Palanque-Delabrouille}, N. and {Regnault}, N. and {Rich}, J. and {Taillet}, R. and {Aldering}, G. and {Antilogus}, P. and {Arsenijevic}, V. and {Balland}, C. and {Baumont}, S. and {Bronder}, J. and {Ellis}, R.~S. and {Filiol}, M. and {Gon{\c{c}}alves}, A.~C. and {Hardin}, D. and {Kowalski}, M. and {Lidman}, C. and {Lusset}, V. and {Mouchet}, M. and {Mourao}, A. and {Perlmutter}, S. and {Ripoche}, P. and {Schlegel}, D. and {Tao}, C.},
        title = "{The Type Ia Supernova Rate at z\raisebox{-0.5ex}\textasciitilde0.5 from the Supernova Legacy Survey}",
      journal = {\aj},
     keywords = {Galaxies: Evolution, Galaxies: High-Redshift, Stars: Supernovae: General, Astrophysics},
         year = 2006,
        month = sep,
       volume = {132},
       number = {3},
        pages = {1126-1145},
          doi = {10.1086/505532},
archivePrefix = {arXiv},
       eprint = {astro-ph/0605148},
 primaryClass = {astro-ph},
       adsurl = {https://ui.adsabs.harvard.edu/abs/2006AJ....132.1126N},
      adsnote = {Provided by the SAO/NASA Astrophysics Data System}
}

@ARTICLE{2006AandA...456..985G,
       author = {{Galleti}, S. and {Federici}, L. and {Bellazzini}, M. and {Buzzoni}, A. and {Fusi Pecci}, F.},
        title = "{An updated survey of globular clusters in M 31. I. Classification and radial velocity for 76 candidate clusters}",
      journal = {\aap},
     keywords = {galaxies: individual: M 31, galaxies: star clusters, galaxies: Local Group, Astrophysics},
         year = 2006,
        month = sep,
       volume = {456},
       number = {3},
        pages = {985-999},
          doi = {10.1051/0004-6361:20065309},
archivePrefix = {arXiv},
       eprint = {astro-ph/0605718},
 primaryClass = {astro-ph},
       adsurl = {https://ui.adsabs.harvard.edu/abs/2006AandA...456..985G},
      adsnote = {Provided by the SAO/NASA Astrophysics Data System}
}

@ARTICLE{2006AJ....131.1648B,
       author = {{Blondin}, St{\'e}phane and {Dessart}, Luc and {Leibundgut}, Bruno and {Branch}, David and {H{\"o}flich}, Peter and {Tonry}, John L. and {Matheson}, Thomas and {Foley}, Ryan J. and {Chornock}, Ryan and {Filippenko}, Alexei V. and {Sollerman}, Jesper and {Spyromilio}, Jason and {Kirshner}, Robert P. and {Wood-Vasey}, W. Michael and {Clocchiatti}, Alejandro and {Aguilera}, Claudio and {Barris}, Brian and {Becker}, Andrew C. and {Challis}, Peter and {Covarrubias}, Ricardo and {Davis}, Tamara M. and {Garnavich}, Peter and {Hicken}, Malcolm and {Jha}, Saurabh and {Krisciunas}, Kevin and {Li}, Weidong and {Miceli}, Anthony and {Miknaitis}, Gajus and {Pignata}, Giuliano and {Prieto}, Jose Luis and {Rest}, Armin and {Riess}, Adam G. and {Salvo}, Maria Elena and {Schmidt}, Brian P. and {Smith}, R. Chris and {Stubbs}, Christopher W. and {Suntzeff}, Nicholas B.},
        title = "{Using Line Profiles to Test the Fraternity of Type Ia Supernovae at High and Low Redshifts}",
      journal = {\aj},
     keywords = {Cosmology: Observations, Line: Formation, Line: Profiles, Stars: Supernovae: General, Astrophysics},
         year = 2006,
        month = mar,
       volume = {131},
       number = {3},
        pages = {1648-1666},
          doi = {10.1086/498724},
archivePrefix = {arXiv},
       eprint = {astro-ph/0510089},
 primaryClass = {astro-ph},
       adsurl = {https://ui.adsabs.harvard.edu/abs/2006AJ....131.1648B},
      adsnote = {Provided by the SAO/NASA Astrophysics Data System}
}

@ARTICLE{2006AandA...447...31A,
       author = {{Astier}, P. and {Guy}, J. and {Regnault}, N. and {Pain}, R. and {Aubourg}, E. and {Balam}, D. and {Basa}, S. and {Carlberg}, R.~G. and {Fabbro}, S. and {Fouchez}, D. and {Hook}, I.~M. and {Howell}, D.~A. and {Lafoux}, H. and {Neill}, J.~D. and {Palanque-Delabrouille}, N. and {Perrett}, K. and {Pritchet}, C.~J. and {Rich}, J. and {Sullivan}, M. and {Taillet}, R. and {Aldering}, G. and {Antilogus}, P. and {Arsenijevic}, V. and {Balland}, C. and {Baumont}, S. and {Bronder}, J. and {Courtois}, H. and {Ellis}, R.~S. and {Filiol}, M. and {Gon{\c{c}}alves}, A.~C. and {Goobar}, A. and {Guide}, D. and {Hardin}, D. and {Lusset}, V. and {Lidman}, C. and {McMahon}, R. and {Mouchet}, M. and {Mourao}, A. and {Perlmutter}, S. and {Ripoche}, P. and {Tao}, C. and {Walton}, N.},
        title = "{The Supernova Legacy Survey: measurement of {\ensuremath{\Omega}}$_{M}$, {\ensuremath{\Omega}}$_{{\ensuremath{\Lambda}}}$ and w from the first year data set}",
      journal = {\aap},
     keywords = {supernovae: general, cosmology: observations, cosmological parameters, Astrophysics, Astrophysics - Cosmology and Nongalactic Astrophysics},
         year = 2006,
        month = feb,
       volume = {447},
       number = {1},
        pages = {31-48},
          doi = {10.1051/0004-6361:20054185},
archivePrefix = {arXiv},
       eprint = {astro-ph/0510447},
 primaryClass = {astro-ph},
       adsurl = {https://ui.adsabs.harvard.edu/abs/2006AandA...447...31A},
      adsnote = {Provided by the SAO/NASA Astrophysics Data System}
}

@ARTICLE{2005IAUC.8651....1F,
       author = {{Frieman}, J. and {Meurer}, G.~R.},
        title = "{Supernovae 2005mh-2005mr}",
      journal = {\iaucirc},
         year = 2005,
        month = dec,
       volume = {8651},
        pages = {1},
       adsurl = {https://ui.adsabs.harvard.edu/abs/2005IAUC.8651....1F},
      adsnote = {Provided by the SAO/NASA Astrophysics Data System}
}

@ARTICLE{2005IAUC.8640....1F,
       author = {{Frieman}, J.},
        title = "{Supernovae 2005lb-2005lq}",
      journal = {\iaucirc},
         year = 2005,
        month = dec,
       volume = {8640},
        pages = {1},
       adsurl = {https://ui.adsabs.harvard.edu/abs/2005IAUC.8640....1F},
      adsnote = {Provided by the SAO/NASA Astrophysics Data System}
}

@ARTICLE{2005CBET..315....1B,
       author = {{Barentine}, J. and {Bassett}, B. and {Becker}, A. and {Brewington}, H. and {Dejongh}, F. and {Dembicky}, J. and {Depoy}, D.~L. and {Dilday}, B. and {Doi}, M. and {Elson}, E. and {Frieman}, J. and {Garnavich}, P. and {Harvanek}, M. and {Gueth}, T. and {Holtzman}, J. and {Konishi}, K. and {Krzesinski}, J. and {Lampeitl}, H. and {Kessler}, R. and {Ketzeback}, B. and {Long}, D. and {Malanushenko}, O. and {Marriner}, J. and {Marshall}, J.~L. and {McMillan}, R. and {Miknaitis}, G. and {Morokuma}, T. and {Nichol}, R. and {Pan}, K. and {Prieto}, J.~L. and {Richmond}, M. and {Riess}, A. and {Romani}, R. and {Sako}, M. and {Schneider}, D. and {Smith}, M. and {Snedden}, S. and {Subbarao}, M. and {Takanashi}, N. and {Tokita}, K. and {van der Heyden}, K. and {Yasuda}, N.},
        title = "{Supernovae 2005lb-2005lq}",
      journal = {Central Bureau Electronic Telegrams},
         year = 2005,
        month = dec,
       volume = {315},
        pages = {1},
       adsurl = {https://ui.adsabs.harvard.edu/abs/2005CBET..315....1B},
      adsnote = {Provided by the SAO/NASA Astrophysics Data System}
}

@ARTICLE{2005ApJ...634.1190H,
       author = {{Howell}, D.~A. and {Sullivan}, M. and {Perrett}, K. and {Bronder}, T.~J. and {Hook}, I.~M. and {Astier}, P. and {Aubourg}, E. and {Balam}, D. and {Basa}, S. and {Carlberg}, R.~G. and {Fabbro}, S. and {Fouchez}, D. and {Guy}, J. and {Lafoux}, H. and {Neill}, J.~D. and {Pain}, R. and {Palanque-Delabrouille}, N. and {Pritchet}, C.~J. and {Regnault}, N. and {Rich}, J. and {Taillet}, R. and {Knop}, R. and {McMahon}, R.~G. and {Perlmutter}, S. and {Walton}, N.~A.},
        title = "{Gemini Spectroscopy of Supernovae from the Supernova Legacy Survey: Improving High-Redshift Supernova Selection and Classification}",
      journal = {\apj},
     keywords = {Cosmology: Observations, Methods: Data Analysis, Stars: Supernovae: General, Techniques: Spectroscopic, Surveys, Astrophysics},
         year = 2005,
        month = dec,
       volume = {634},
       number = {2},
        pages = {1190-1201},
          doi = {10.1086/497119},
archivePrefix = {arXiv},
       eprint = {astro-ph/0509195},
 primaryClass = {astro-ph},
       adsurl = {https://ui.adsabs.harvard.edu/abs/2005ApJ...634.1190H},
      adsnote = {Provided by the SAO/NASA Astrophysics Data System}
}

@ARTICLE{2005CBET..304....1B,
       author = {{Barentine}, J. and {Bassett}, B. and {Becker}, A. and {Brewington}, H. and {Dejongh}, F. and {Dembicky}, J. and {Depoy}, D.~L. and {Dilday}, B. and {Doi}, M. and {Elson}, E. and {Frieman}, J. and {Garnavich}, P. and {Harvanek}, M. and {Gueth}, T. and {Holtzman}, J. and {Konishi}, K. and {Krzesinski}, J. and {Lampeitl}, H. and {Kessler}, R. and {Ketzeback}, B. and {Long}, D. and {Malanushenko}, O. and {Marriner}, J. and {Marshall}, J.~L. and {McMillan}, R. and {Miknaitis}, G. and {Morokuma}, T. and {Nichol}, R. and {Pan}, K. and {Prieto}, J.~L. and {Richmond}, M. and {Riess}, A. and {Romani}, R. and {Sako}, M. and {Schneider}, D. and {Smith}, M. and {Snedden}, S. and {Subbarao}, M. and {Takanashi}, N. and {Tokita}, K. and {van der Heyden}, K. and {Yasuda}, N.},
        title = "{Supernovae 2005kn-2005ku}",
      journal = {Central Bureau Electronic Telegrams},
         year = 2005,
        month = nov,
       volume = {304},
        pages = {1},
       adsurl = {https://ui.adsabs.harvard.edu/abs/2005CBET..304....1B},
      adsnote = {Provided by the SAO/NASA Astrophysics Data System}
}

@ARTICLE{2005CBET..280....1B,
       author = {{Barentine}, J. and {Bassett}, B. and {Becker}, A. and {Bender}, R. and {Bremer}, M. and {Brewington}, H. and {Dejongh}, F. and {Dembicky}, J. and {Depoy}, D.~L. and {Dilday}, B. and {Doi}, M. and {Edge}, A. and {Elson}, E. and {Frieman}, J. and {Garnavich}, P. and {Goobar}, A. and {Harvanek}, M. and {Gueth}, T. and {Holtzman}, J. and {Hopp}, U. and {Kollatschny}, W. and {Konishi}, K. and {Krzesinski}, J. and {Lamenti}, D. and {Lampeitl}, H. and {Kessler}, R. and {Ketzeback}, B. and {Long}, D. and {Marriner}, J. and {Marshall}, J.~L. and {McMillan}, R. and {Mendez}, J. and {Miknaitis}, G. and {Morokuma}, T. and {Nichol}, R. and {Pan}, K. and {Prieto}, J.~L. and {Richmond}, M. and {Riess}, A. and {Romani}, R. and {Romer}, K. and {Ruiz-Lapuente}, P. and {Sako}, M. and {Schneider}, D. and {Smith}, M. and {Snedden}, S. and {Subbarao}, M. and {Takanashi}, N. and {Tokita}, K. and {van der Heyden}, K. and {Wheeler}, C. and {Yasuda}, N. and {Filippenko}, A. and {Foley}, R.},
        title = "{Supernovae 2005ht, 2005hv, 2005hy, 2005hz, 2005id, 2005ij, 2005is-2005ka}",
      journal = {Central Bureau Electronic Telegrams},
         year = 2005,
        month = nov,
       volume = {280},
        pages = {1},
       adsurl = {https://ui.adsabs.harvard.edu/abs/2005CBET..280....1B},
      adsnote = {Provided by the SAO/NASA Astrophysics Data System}
}

@ARTICLE{2005CBET..272....1F,
       author = {{Frieman}, J.},
        title = "{Supernovae 2005il, 2005im, 2005in}",
      journal = {Central Bureau Electronic Telegrams},
         year = 2005,
        month = nov,
       volume = {272},
        pages = {1},
       adsurl = {https://ui.adsabs.harvard.edu/abs/2005CBET..272....1F},
      adsnote = {Provided by the SAO/NASA Astrophysics Data System}
}

@ARTICLE{2005CBET..268....1B,
       author = {{Barentine}, J. and {Bassett}, B. and {Becker}, A. and {Bender}, R. and {Bremer}, M. and {Brewington}, H. and {Dejongh}, F. and {Dembicky}, J. and {Depoy}, D.~L. and {Dilday}, B. and {Doi}, M. and {Edge}, A. and {Elson}, E. and {Frieman}, J. and {Garnavich}, P. and {Goobar}, A. and {Harvanek}, M. and {Gueth}, T. and {Holtzman}, J. and {Hopp}, U. and {Kollatschny}, W. and {Konishi}, K. and {Krzesinski}, J. and {Lamenti}, D. and {Lampeitl}, H. and {Kessler}, R. and {Ketzeback}, B. and {Long}, D. and {Marriner}, J. and {Marshall}, J.~L. and {McMillan}, R. and {Mendez}, J. and {Miknaitis}, G. and {Morokuma}, T. and {Nichol}, R. and {Pan}, K. and {Prieto}, J.~L. and {Richmond}, M. and {Riess}, A. and {Romani}, R. and {Romer}, K. and {Ruiz-Lapuente}, P. and {Sako}, M. and {Schneider}, D. and {Smith}, M. and {Snedden}, S. and {Subbarao}, M. and {Takanashi}, N. and {Tokita}, K. and {van der Heyden}, K. and {Wheeler}, C. and {Yasuda}, N.},
        title = "{Supernovae 2005hk-2005ik}",
      journal = {Central Bureau Electronic Telegrams},
         year = 2005,
        month = nov,
       volume = {268},
        pages = {1},
       adsurl = {https://ui.adsabs.harvard.edu/abs/2005CBET..268....1B},
      adsnote = {Provided by the SAO/NASA Astrophysics Data System}
}

@ARTICLE{2005IAUC.8611....1L,
       author = {{Li}, W.},
        title = "{Supernovae 2005ds, 2005em, 2005er, 2005es, 2005et, 2005eu}",
      journal = {\iaucirc},
         year = 2005,
        month = oct,
       volume = {8611},
        pages = {1},
       adsurl = {https://ui.adsabs.harvard.edu/abs/2005IAUC.8611....1L},
      adsnote = {Provided by the SAO/NASA Astrophysics Data System}
}

@ARTICLE{2005CBET..254....1B,
       author = {{Barentine}, J. and {Bassett}, B. and {Becker}, A. and {Bender}, R. and {Bremer}, M. and {Brewington}, H. and {Dejongh}, F. and {Dembicky}, J. and {Depoy}, D.~L. and {Dilday}, B. and {Doi}, M. and {Edge}, A. and {Elson}, E. and {Frieman}, J. and {Garnavich}, P. and {Goobar}, A. and {Harvanek}, M. and {Gueth}, T. and {Holtzman}, J. and {Hopp}, U. and {Kollatschny}, W. and {Krzesinski}, J. and {Lamenti}, D. and {Lampeitl}, H. and {Kessler}, R. and {Ketzeback}, B. and {Konishi}, K. and {Long}, D. and {Marriner}, J. and {Marshall}, J.~L. and {McMillan}, R. and {Mendez}, J. and {Miknaitis}, G. and {Nichol}, R. and {Pan}, K. and {Prieto}, J.~L. and {Richmond}, M. and {Riess}, A. and {Romani}, R. and {Romer}, K. and {Ruiz-Lapuente}, P. and {Sako}, M. and {Schneider}, D. and {Smith}, M. and {Snedden}, S. and {Subbarao}, M. and {Takanashi}, N. and {van der Heyden}, K. and {Wheeler}, C. and {Yasuda}, N.},
        title = "{Supernovae 2005go-2005gy}",
      journal = {Central Bureau Electronic Telegrams},
         year = 2005,
        month = oct,
       volume = {254},
        pages = {1},
       adsurl = {https://ui.adsabs.harvard.edu/abs/2005CBET..254....1B},
      adsnote = {Provided by the SAO/NASA Astrophysics Data System}
}

@ARTICLE{2005CBET..247....1B,
       author = {{Barentine}, J. and {Bassett}, B. and {Becker}, A. and {Bremer}, M. and {Brewington}, H. and {Dejongh}, F. and {Dembicky}, J. and {Depoy}, D.~L. and {Dilday}, B. and {Doi}, M. and {Edge}, A. and {Elson}, E. and {Frieman}, J. and {Garnavich}, P. and {Goobar}, A. and {Harvanek}, M. and {Holtzman}, J. and {Krzesinski}, J. and {Lamenti}, D. and {Lampeitl}, H. and {Kessler}, R. and {Ketzeback}, B. and {Konishi}, K. and {Long}, D. and {Marriner}, J. and {Marshall}, J.~L. and {McMillan}, R. and {Mendez}, J. and {Nichol}, R. and {Pan}, K. and {Prieto}, J.~L. and {Richmond}, M. and {Riess}, A. and {Romani}, R. and {Romer}, K. and {Ruiz-Lapuente}, P. and {Sako}, M. and {Schneider}, D. and {Smith}, M. and {Snedden}, S. and {Subbarao}, M. and {Takanashi}, N. and {van der Heyden}, K. and {Yasuda}, N.},
        title = "{Supernovae 2005eh and 2005ex-2005gj}",
      journal = {Central Bureau Electronic Telegrams},
         year = 2005,
        month = oct,
       volume = {247},
        pages = {1},
       adsurl = {https://ui.adsabs.harvard.edu/abs/2005CBET..247....1B},
      adsnote = {Provided by the SAO/NASA Astrophysics Data System}
}

@ARTICLE{2005CBET..244....1A,
       author = {{Aldering}, G. and {Bailey}, S. and {Kocevski}, D. and {Lee}, B.~C. and {Loken}, S. and {Nugent}, P. and {Perlmutter}, S. and {Scalzo}, R. and {Thomas}, R.~C. and {Wang}, L. and {Weaver}, B.~A. and {Antilogus}, P. and {Gilles}, S. and {Pain}, R. and {Pereira}, R. and {Blanc}, N. and {Bongard}, S. and {Copin}, Y. and {Gangler}, E. and {Sauge}, L. and {Smadja}, G. and {Bonnaud}, C. and {Pecontal}, E. and {Kessler}, R. and {Baltay}, C. and {Rabinowitz}, D. and {Bauer}, A.},
        title = "{Supernovae 2005eu, 2005ev, 2005ew}",
      journal = {Central Bureau Electronic Telegrams},
         year = 2005,
        month = oct,
       volume = {244},
        pages = {1},
       adsurl = {https://ui.adsabs.harvard.edu/abs/2005CBET..244....1A},
      adsnote = {Provided by the SAO/NASA Astrophysics Data System}
}

@ARTICLE{2005CBET..229....1B,
       author = {{Barentine}, J. and {Bassett}, B. and {Becker}, A. and {Brewington}, H. and {Dejongh}, F. and {Dembicky}, J. and {Dilday}, B. and {Frieman}, J. and {Garnavich}, P. and {Harvanek}, M. and {Holtzman}, J. and {Krzesinski}, J. and {Lampeitl}, H. and {Kessler}, R. and {Ketzeback}, B. and {Long}, D. and {Marriner}, J. and {McMillan}, R. and {Nichol}, R. and {Pan}, K. and {Richmond}, M. and {Riess}, A. and {Romani}, R. and {Sako}, M. and {Smith}, M. and {Snedden}, S. and {van der Heyden}, K.},
        title = "{Supernovae 2005ed, 2005ef, 2005eg, 2005eh, 2005ei}",
      journal = {Central Bureau Electronic Telegrams},
         year = 2005,
        month = sep,
       volume = {229},
        pages = {1},
       adsurl = {https://ui.adsabs.harvard.edu/abs/2005CBET..229....1B},
      adsnote = {Provided by the SAO/NASA Astrophysics Data System}
}

@ARTICLE{2005AJ....130.1037C,
       author = {{Catinella}, Barbara and {Haynes}, Martha P. and {Giovanelli}, Riccardo},
        title = "{Rotational Widths for Use in the Tully-Fisher Relation. I. Long-Slit Spectroscopic Data}",
      journal = {\aj},
     keywords = {Galaxies: Kinematics and Dynamics, Galaxies: Spiral, Galaxies: Structure, Techniques: Spectroscopic, Astrophysics},
         year = 2005,
        month = sep,
       volume = {130},
       number = {3},
        pages = {1037-1048},
          doi = {10.1086/432543},
archivePrefix = {arXiv},
       eprint = {astro-ph/0506148},
 primaryClass = {astro-ph},
       adsurl = {https://ui.adsabs.harvard.edu/abs/2005AJ....130.1037C},
      adsnote = {Provided by the SAO/NASA Astrophysics Data System}
}

@ARTICLE{2005AJ....130..968M,
       author = {{Miller}, Christopher J. and {Nichol}, Robert C. and {Reichart}, Daniel and {Wechsler}, Risa H. and {Evrard}, August E. and {Annis}, James and {McKay}, Timothy A. and {Bahcall}, Neta A. and {Bernardi}, Mariangela and {Boehringer}, Hans and {Connolly}, Andrew J. and {Goto}, Tomotsugu and {Kniazev}, Alexie and {Lamb}, Donald and {Postman}, Marc and {Schneider}, Donald P. and {Sheth}, Ravi K. and {Voges}, Wolfgang},
        title = "{The C4 Clustering Algorithm: Clusters of Galaxies in the Sloan Digital Sky Survey}",
      journal = {\aj},
     keywords = {Catalogs, Galaxies: Clusters: General, Astrophysics},
         year = 2005,
        month = sep,
       volume = {130},
       number = {3},
        pages = {968-1001},
          doi = {10.1086/431357},
archivePrefix = {arXiv},
       eprint = {astro-ph/0503713},
 primaryClass = {astro-ph},
       adsurl = {https://ui.adsabs.harvard.edu/abs/2005AJ....130..968M},
      adsnote = {Provided by the SAO/NASA Astrophysics Data System}
}

@ARTICLE{2005ApJS..158..161H,
       author = {{Hsieh}, B.~C. and {Yee}, H.~K.~C. and {Lin}, H. and {Gladders}, M.~D.},
        title = "{A Photometric Redshift Galaxy Catalog from the Red-Sequence Cluster Survey}",
      journal = {\apjs},
     keywords = {Catalogs, Galaxies: Distances and Redshifts, Galaxies: General, Galaxies: Photometry, Surveys, Techniques: Photometric, Astrophysics},
         year = 2005,
        month = jun,
       volume = {158},
       number = {2},
        pages = {161-177},
          doi = {10.1086/429293},
archivePrefix = {arXiv},
       eprint = {astro-ph/0502157},
 primaryClass = {astro-ph},
       adsurl = {https://ui.adsabs.harvard.edu/abs/2005ApJS..158..161H},
      adsnote = {Provided by the SAO/NASA Astrophysics Data System}
}

@ARTICLE{2005MNRAS.358.1159M,
       author = {{Muxlow}, T.~W.~B. and {Richards}, A.~M.~S. and {Garrington}, S.~T. and {Wilkinson}, P.~N. and {Anderson}, B. and {Richards}, E.~A. and {Axon}, D.~J. and {Fomalont}, E.~B. and {Kellermann}, K.~I. and {Partridge}, R.~B. and {Windhorst}, R.~A.},
        title = "{High-resolution studies of radio sources in the Hubble Deep and Flanking Fields}",
      journal = {\mnras},
     keywords = {galaxies: active, galaxies: evolution, galaxies: starburst, cosmology: observations, radio continuum: galaxies, Astrophysics},
         year = 2005,
        month = apr,
       volume = {358},
       number = {4},
        pages = {1159-1194},
          doi = {10.1111/j.1365-2966.2005.08824.x},
archivePrefix = {arXiv},
       eprint = {astro-ph/0501679},
 primaryClass = {astro-ph},
       adsurl = {https://ui.adsabs.harvard.edu/abs/2005MNRAS.358.1159M},
      adsnote = {Provided by the SAO/NASA Astrophysics Data System}
}

@ARTICLE{2005MNRAS.356.1440D,
       author = {{Denicol{\'o}}, G. and {Terlevich}, Roberto and {Terlevich}, Elena and {Forbes}, Duncan A. and {Terlevich}, Alejandro and {Carrasco}, Luis},
        title = "{Group, field and isolated early-type galaxies - I. Observations and nuclear data}",
      journal = {\mnras},
     keywords = {galaxies: abundances, galaxies: elliptical and lenticular, galaxies: kinematics and dynamics, galaxies: stellar content, galaxies: nuclei, Astrophysics},
         year = 2005,
        month = feb,
       volume = {356},
       number = {4},
        pages = {1440-1465},
          doi = {10.1111/j.1365-2966.2005.08583.x},
archivePrefix = {arXiv},
       eprint = {astro-ph/0411100},
 primaryClass = {astro-ph},
       adsurl = {https://ui.adsabs.harvard.edu/abs/2005MNRAS.356.1440D},
      adsnote = {Provided by the SAO/NASA Astrophysics Data System}
}

@ARTICLE{2005IAUC.8481....1A,
       author = {{Adelman-McCarthy}, J. and {Dejongh}, F. and {Frieman}, J. and {Lampeitl}, H. and {Tucker}, D. and {Dilday}, B. and {Kessler}, R. and {Holtzman}, J. and {Sako}, M.},
        title = "{Supernovae 2004ht-2004io}",
      journal = {\iaucirc},
         year = 2005,
        month = feb,
       volume = {8481},
        pages = {1},
       adsurl = {https://ui.adsabs.harvard.edu/abs/2005IAUC.8481....1A},
      adsnote = {Provided by the SAO/NASA Astrophysics Data System}
}

@ARTICLE{2005IAUC.8464....2B,
       author = {{Blondin}, S. and {Prieto}, J.~L.},
        title = "{Supernovae 2004ha-2004ht}",
      journal = {\iaucirc},
         year = 2005,
        month = jan,
       volume = {8464},
        pages = {2},
       adsurl = {https://ui.adsabs.harvard.edu/abs/2005IAUC.8464....2B},
      adsnote = {Provided by the SAO/NASA Astrophysics Data System}
}

@ARTICLE{2005AandA...430..373T,
       author = {{Theureau}, G. and {Coudreau}, N. and {Hallet}, N. and {Hanski}, M. and {Alsac}, L. and {Bottinelli}, L. and {Gouguenheim}, L. and {Martin}, J. -M. and {Paturel}, G.},
        title = "{Kinematics of the local universe . XII. 21-cm line measurements of 586 galaxies with the new Nan{\c{c}}ay receiver}",
      journal = {\aap},
     keywords = {astronomical data bases: miscellaneous, surveys, galaxies: kinematics and dynamics, radio lines: galaxies},
         year = 2005,
        month = jan,
       volume = {430},
        pages = {373-383},
          doi = {10.1051/0004-6361:20047152},
       adsurl = {https://ui.adsabs.harvard.edu/abs/2005AandA...430..373T},
      adsnote = {Provided by the SAO/NASA Astrophysics Data System}
}

@ARTICLE{2004ApJ...617..240K,
       author = {{Kobulnicky}, Henry A. and {Kewley}, Lisa J.},
        title = "{Metallicities of 0.3<z<1.0 Galaxies in the GOODS-North Field}",
      journal = {\apj},
     keywords = {Galaxies: Abundances, Galaxies: Evolution, Galaxies: Fundamental Parameters, Galaxies: Starburst, ISM: H II Regions, ISM: Abundances, Astrophysics},
         year = 2004,
        month = dec,
       volume = {617},
       number = {1},
        pages = {240-261},
          doi = {10.1086/425299},
archivePrefix = {arXiv},
       eprint = {astro-ph/0408128},
 primaryClass = {astro-ph},
       adsurl = {https://ui.adsabs.harvard.edu/abs/2004ApJ...617..240K},
      adsnote = {Provided by the SAO/NASA Astrophysics Data System}
}

@ARTICLE{2004AandA...428.1043L,
       author = {{Le F{\`e}vre}, O. and {Vettolani}, G. and {Paltani}, S. and {Tresse}, L. and {Zamorani}, G. and {Le Brun}, V. and {Moreau}, C. and {Bottini}, D. and {Maccagni}, D. and {Picat}, J.~P. and {Scaramella}, R. and {Scodeggio}, M. and {Zanichelli}, A. and {Adami}, C. and {Arnouts}, S. and {Bardelli}, S. and {Bolzonella}, M. and {Cappi}, A. and {Charlot}, S. and {Contini}, T. and {Foucaud}, S. and {Franzetti}, P. and {Garilli}, B. and {Gavignaud}, I. and {Guzzo}, L. and {Ilbert}, O. and {Iovino}, A. and {McCracken}, H.~J. and {Mancini}, D. and {Marano}, B. and {Marinoni}, C. and {Mathez}, G. and {Mazure}, A. and {Meneux}, B. and {Merighi}, R. and {Pell{\`o}}, R. and {Pollo}, A. and {Pozzetti}, L. and {Radovich}, M. and {Zucca}, E. and {Arnaboldi}, M. and {Bondi}, M. and {Bongiorno}, A. and {Busarello}, G. and {Ciliegi}, P. and {Gregorini}, L. and {Mellier}, Y. and {Merluzzi}, P. and {Ripepi}, V. and {Rizzo}, D.},
        title = "{The VIMOS VLT Deep Survey. Public release of 1599 redshifts to I$_{AB}${\ensuremath{\leq}}24 across the Chandra Deep Field South}",
      journal = {\aap},
     keywords = {surveys, galaxies: high-redshift, galaxies: distances and redshifts, cosmology: observations, galaxies: evolution, cosmology: large scale structure of Universe, Astrophysics},
         year = 2004,
        month = dec,
       volume = {428},
        pages = {1043-1049},
          doi = {10.1051/0004-6361:20048072},
archivePrefix = {arXiv},
       eprint = {astro-ph/0403628},
 primaryClass = {astro-ph},
       adsurl = {https://ui.adsabs.harvard.edu/abs/2004AandA...428.1043L},
      adsnote = {Provided by the SAO/NASA Astrophysics Data System}
}

@ARTICLE{2004IAUC.8427....1F,
       author = {{Foley}, R.~J. and {Wood-Vasey}, W.~M.},
        title = "{Supernovae 2004fh-2004ft}",
      journal = {\iaucirc},
         year = 2004,
        month = nov,
       volume = {8427},
        pages = {1},
       adsurl = {https://ui.adsabs.harvard.edu/abs/2004IAUC.8427....1F},
      adsnote = {Provided by the SAO/NASA Astrophysics Data System}
}

@ARTICLE{2004AJ....128.1558S,
       author = {{Smith}, Russell J. and {Hudson}, Michael J. and {Nelan}, Jenica E. and {Moore}, Stephen A.~W. and {Quinney}, Stephen J. and {Wegner}, Gary A. and {Lucey}, John R. and {Davies}, Roger L. and {Malecki}, Justin J. and {Schade}, David and {Suntzeff}, Nicholas B.},
        title = "{NOAO Fundamental Plane Survey. I. Survey Design, Redshifts, and Velocity Dispersion Data}",
      journal = {\aj},
     keywords = {Galaxies: Clusters: General, Galaxies: Distances and Redshifts, Galaxies: Elliptical and Lenticular, cD, Surveys},
         year = 2004,
        month = oct,
       volume = {128},
       number = {4},
        pages = {1558-1569},
          doi = {10.1086/423915},
       adsurl = {https://ui.adsabs.harvard.edu/abs/2004AJ....128.1558S},
      adsnote = {Provided by the SAO/NASA Astrophysics Data System}
}

@ARTICLE{2004AJ....128...16K,
       author = {{Koribalski}, B.~S. and {Staveley-Smith}, L. and {Kilborn}, V.~A. and {Ryder}, S.~D. and {Kraan-Korteweg}, R.~C. and {Ryan-Weber}, E.~V. and {Ekers}, R.~D. and {Jerjen}, H. and {Henning}, P.~A. and {Putman}, M.~E. and {Zwaan}, M.~A. and {de Blok}, W.~J.~G. and {Calabretta}, M.~R. and {Disney}, M.~J. and {Minchin}, R.~F. and {Bhathal}, R. and {Boyce}, P.~J. and {Drinkwater}, M.~J. and {Freeman}, K.~C. and {Gibson}, B.~K. and {Green}, A.~J. and {Haynes}, R.~F. and {Juraszek}, S. and {Kesteven}, M.~J. and {Knezek}, P.~M. and {Mader}, S. and {Marquarding}, M. and {Meyer}, M. and {Mould}, J.~R. and {Oosterloo}, T. and {O'Brien}, J. and {Price}, R.~M. and {Sadler}, E.~M. and {Schr{\"o}der}, A. and {Stewart}, I.~M. and {Stootman}, F. and {Waugh}, M. and {Warren}, B.~E. and {Webster}, R.~L. and {Wright}, A.~E.},
        title = "{The 1000 Brightest HIPASS Galaxies: H I Properties}",
      journal = {\aj},
     keywords = {Galaxies: Distances and Redshifts, Galaxies: Fundamental Parameters, Galaxies: Kinematics and Dynamics, Galaxies: Intergalactic Medium, radio emission lines, Surveys, Astrophysics},
         year = 2004,
        month = jul,
       volume = {128},
       number = {1},
        pages = {16-46},
          doi = {10.1086/421744},
archivePrefix = {arXiv},
       eprint = {astro-ph/0404436},
 primaryClass = {astro-ph},
       adsurl = {https://ui.adsabs.harvard.edu/abs/2004AJ....128...16K},
      adsnote = {Provided by the SAO/NASA Astrophysics Data System}
}

@ARTICLE{2004AJ....127.3121W,
       author = {{Wirth}, Gregory D. and {Willmer}, Christopher N.~A. and {Amico}, Paola and {Chaffee}, Frederic H. and {Goodrich}, Robert W. and {Kwok}, Shui and {Lyke}, James E. and {Mader}, Jeff A. and {Tran}, Hien D. and {Barger}, Amy J. and {Cowie}, Lennox L. and {Capak}, Peter and {Coil}, Alison L. and {Cooper}, Michael C. and {Conrad}, Al and {Davis}, Marc and {Faber}, S.~M. and {Hu}, Esther M. and {Koo}, David C. and {Le Mignant}, David and {Newman}, Jeffrey A. and {Songaila}, Antoinette},
        title = "{The Team Keck Treasury Redshift Survey of the GOODS-North Field}",
      journal = {\aj},
     keywords = {Galaxies: Distances and Redshifts, Galaxies: Photometry, Astrophysics},
         year = 2004,
        month = jun,
       volume = {127},
       number = {6},
        pages = {3121-3136},
          doi = {10.1086/420999},
archivePrefix = {arXiv},
       eprint = {astro-ph/0401353},
 primaryClass = {astro-ph},
       adsurl = {https://ui.adsabs.harvard.edu/abs/2004AJ....127.3121W},
      adsnote = {Provided by the SAO/NASA Astrophysics Data System}
}

@ARTICLE{2004ApJ...607..202M,
       author = {{Mahdavi}, Andisheh and {Geller}, Margaret J.},
        title = "{A Redshift Survey of Nearby Galaxy Groups: The Shape of the Mass Density Profile}",
      journal = {\apj},
     keywords = {Galaxies: Clusters: General, Galaxies: Kinematics and Dynamics, Galaxies: Statistics, Astrophysics},
         year = 2004,
        month = may,
       volume = {607},
       number = {1},
        pages = {202-219},
          doi = {10.1086/383458},
archivePrefix = {arXiv},
       eprint = {astro-ph/0402161},
 primaryClass = {astro-ph},
       adsurl = {https://ui.adsabs.harvard.edu/abs/2004ApJ...607..202M},
      adsnote = {Provided by the SAO/NASA Astrophysics Data System}
}

@ARTICLE{2004AandA...416..917G,
       author = {{Galleti}, S. and {Federici}, L. and {Bellazzini}, M. and {Fusi Pecci}, F. and {Macrina}, S.},
        title = "{2MASS NIR photometry for 693 candidate globular clusters in M 31 and the Revised Bologna Catalogue}",
      journal = {\aap},
     keywords = {galaxies: individual: M 31, galaxies: star clusters, infrared: general, catalogs, Astrophysics},
         year = 2004,
        month = mar,
       volume = {416},
        pages = {917-924},
          doi = {10.1051/0004-6361:20035632},
archivePrefix = {arXiv},
       eprint = {astro-ph/0312448},
 primaryClass = {astro-ph},
       adsurl = {https://ui.adsabs.harvard.edu/abs/2004AandA...416..917G},
      adsnote = {Provided by the SAO/NASA Astrophysics Data System}
}

@ARTICLE{2004AandA...416..515D,
       author = {{Davoust}, E. and {Contini}, T.},
        title = "{Starbursts in barred spiral galaxies. VI. HI observations and the K-band Tully-Fisher relation}",
      journal = {\aap},
     keywords = {galaxies: starburst, galaxies: active, galaxies: evolution, galaxies: ISM, galaxies: kinematics and dynamics, radio lines: galaxies, Astrophysics},
         year = 2004,
        month = mar,
       volume = {416},
        pages = {515-527},
          doi = {10.1051/0004-6361:20031726},
archivePrefix = {arXiv},
       eprint = {astro-ph/0312209},
 primaryClass = {astro-ph},
       adsurl = {https://ui.adsabs.harvard.edu/abs/2004AandA...416..515D},
      adsnote = {Provided by the SAO/NASA Astrophysics Data System}
}

@ARTICLE{2004IAUC.8261....1H,
       author = {{Hicken}, M.},
        title = "{Supernovae 2003le-2003ln}",
      journal = {\iaucirc},
         year = 2004,
        month = jan,
       volume = {8261},
        pages = {1},
       adsurl = {https://ui.adsabs.harvard.edu/abs/2004IAUC.8261....1H},
      adsnote = {Provided by the SAO/NASA Astrophysics Data System}
}

@ARTICLE{2003IAUC.8251....1C,
       author = {{Challis}, P.},
        title = "{Supernovae 2003kj-2003kv}",
      journal = {\iaucirc},
         year = 2003,
        month = dec,
       volume = {8251},
        pages = {1},
       adsurl = {https://ui.adsabs.harvard.edu/abs/2003IAUC.8251....1C},
      adsnote = {Provided by the SAO/NASA Astrophysics Data System}
}

@ARTICLE{2003IAUC.8237....2C,
       author = {{Covarrubias}, R. and {Essence}, Project and {Alda}, A. and {Prieto}, J.~L. and {Berlind}, P. and {Blondin}, S. and {Leibundgut}, B. and {Matheson}, T.},
        title = "{Supernovae 2003ji-2003ju}",
      journal = {\iaucirc},
         year = 2003,
        month = nov,
       volume = {8237},
        pages = {2},
       adsurl = {https://ui.adsabs.harvard.edu/abs/2003IAUC.8237....2C},
      adsnote = {Provided by the SAO/NASA Astrophysics Data System}
}

@ARTICLE{2003AJ....126.2268W,
       author = {{Wegner}, G. and {Bernardi}, M. and {Willmer}, C.~N.~A. and {da Costa}, L.~N. and {Alonso}, M.~V. and {Pellegrini}, P.~S. and {Maia}, M.~A.~G. and {Chaves}, O.~L. and {Rit{\'e}}, C.},
        title = "{Redshift-Distance Survey of Early-Type Galaxies: Spectroscopic Data}",
      journal = {\aj},
     keywords = {Galaxies: Distances and Redshifts, Galaxies: Elliptical and Lenticular, cD, Galaxies: General, Cosmology: Large-Scale Structure of Universe, Surveys, Techniques: Spectroscopic, Astrophysics},
         year = 2003,
        month = nov,
       volume = {126},
       number = {5},
        pages = {2268-2280},
          doi = {10.1086/378959},
archivePrefix = {arXiv},
       eprint = {astro-ph/0308357},
 primaryClass = {astro-ph},
       adsurl = {https://ui.adsabs.harvard.edu/abs/2003AJ....126.2268W},
      adsnote = {Provided by the SAO/NASA Astrophysics Data System}
}

@ARTICLE{2003AJ....126.2152R,
       author = {{Rines}, Kenneth and {Geller}, Margaret J. and {Kurtz}, Michael J. and {Diaferio}, Antonaldo},
        title = "{CAIRNS: The Cluster and Infall Region Nearby Survey. I. Redshifts and Mass Profiles}",
      journal = {\aj},
     keywords = {Cosmology: Observations, Galaxies: Clusters: General, Galaxies: Kinematics and Dynamics, Astrophysics},
         year = 2003,
        month = nov,
       volume = {126},
       number = {5},
        pages = {2152-2170},
          doi = {10.1086/378599},
archivePrefix = {arXiv},
       eprint = {astro-ph/0306538},
 primaryClass = {astro-ph},
       adsurl = {https://ui.adsabs.harvard.edu/abs/2003AJ....126.2152R},
      adsnote = {Provided by the SAO/NASA Astrophysics Data System}
}

@ARTICLE{2002AJ....123.3018M,
       author = {{Miller}, Neal A. and {Ledlow}, Michael J. and {Owen}, Frazer N. and {Hill}, John M.},
        title = "{Redshifts for a Sample of Radio-selected Poor Clusters}",
      journal = {\aj},
     keywords = {Galaxies: Active, Galaxies: Clusters: General, Galaxies: Distances and Redshifts, Astrophysics},
         year = 2002,
        month = jun,
       volume = {123},
       number = {6},
        pages = {3018-3040},
          doi = {10.1086/340694},
archivePrefix = {arXiv},
       eprint = {astro-ph/0203281},
 primaryClass = {astro-ph},
       adsurl = {https://ui.adsabs.harvard.edu/abs/2002AJ....123.3018M},
      adsnote = {Provided by the SAO/NASA Astrophysics Data System}
}

@ARTICLE{2001AandA...378..370V,
       author = {{van Driel}, W. and {Marcum}, P. and {Gallagher}, J.~S., III and {Wilcots}, E. and {Guidoux}, C. and {Monnier Ragaigne}, D.},
        title = "{HI observations of loose galaxy groups. I. Data and global properties}",
      journal = {\aap},
     keywords = {GALAXIES: DISTANCES AND REDSHIFTS, GALAXIES: GENERAL, GALAXIES: INTERACTIONS, GALAXIES: ISM, RADIO LINES: GALAXIES},
         year = 2001,
        month = nov,
       volume = {378},
        pages = {370-393},
          doi = {10.1051/0004-6361:20011241},
       adsurl = {https://ui.adsabs.harvard.edu/abs/2001AandA...378..370V},
      adsnote = {Provided by the SAO/NASA Astrophysics Data System}
}

@ARTICLE{2001AandA...377..442W,
       author = {{Wolf}, C. and {Dye}, S. and {Kleinheinrich}, M. and {Meisenheimer}, K. and {Rix}, H. -W. and {Wisotzki}, L.},
        title = "{Deep BVR photometry of the Chandra Deep Field South from the COMBO-17 survey}",
      journal = {\aap},
     keywords = {TECHNIQUES: IMAGE PROCESSING, TECHNIQUES: PHOTOMETRIC, SURVEYS, CATALOGS, QUASARS: GENERAL, Astrophysics},
         year = 2001,
        month = oct,
       volume = {377},
        pages = {442-449},
          doi = {10.1051/0004-6361:20011142},
archivePrefix = {arXiv},
       eprint = {astro-ph/0012474},
 primaryClass = {astro-ph},
       adsurl = {https://ui.adsabs.harvard.edu/abs/2001AandA...377..442W},
      adsnote = {Provided by the SAO/NASA Astrophysics Data System}
}

@ARTICLE{2000ApJS..129..475Y,
       author = {{Yee}, H.~K.~C. and {Morris}, S.~L. and {Lin}, H. and {Carlberg}, R.~G. and {Hall}, P.~B. and {Sawicki}, Marcin and {Patton}, D.~R. and {Wirth}, G.~D. and {Ellingson}, E. and {Shepherd}, C.~W.},
        title = "{The CNOC2 Field Galaxy Redshift Survey. I. The Survey and the Catalog for the Patch CNOC 0223+00}",
      journal = {\apjs},
     keywords = {Galaxies: Distances and Redshifts, Galaxies: General, Galaxies: Photometry, Surveys, Techniques: Photometric, Techniques: Spectroscopic, Astrophysics},
         year = 2000,
        month = aug,
       volume = {129},
       number = {2},
        pages = {475-492},
          doi = {10.1086/313426},
archivePrefix = {arXiv},
       eprint = {astro-ph/0004026},
 primaryClass = {astro-ph},
       adsurl = {https://ui.adsabs.harvard.edu/abs/2000ApJS..129..475Y},
      adsnote = {Provided by the SAO/NASA Astrophysics Data System}
}

@ARTICLE{1999AJ....118.2561G,
       author = {{Grogin}, Norman A. and {Geller}, Margaret J.},
        title = "{An Imaging and Spectroscopic Survey of Galaxies within Prominent Nearby Voids. I. The Sample and Luminosity Distribution}",
      journal = {\aj},
     keywords = {GALAXIES: LUMINOSITY FUNCTION, MASS FUNCTION, GALAXIES: PHOTOMETRY, Astrophysics},
         year = 1999,
        month = dec,
       volume = {118},
       number = {6},
        pages = {2561-2580},
          doi = {10.1086/301126},
archivePrefix = {arXiv},
       eprint = {astro-ph/9910073},
 primaryClass = {astro-ph},
       adsurl = {https://ui.adsabs.harvard.edu/abs/1999AJ....118.2561G},
      adsnote = {Provided by the SAO/NASA Astrophysics Data System}
}

@ARTICLE{1999AandAS..140..327M,
       author = {{M{\"u}ller}, K.~R. and {Wegner}, G. and {Raychaudhury}, S. and {Freudling}, W.},
        title = "{Fundamental plane distances to early-type field galaxies in the South Equatorial Strip. I. The spectroscopic data}",
      journal = {\aaps},
     keywords = {TECHNIQUES: SPECTROSCOPIC, GALAXIES: DISTANCES AND REDSHIFTS, GALAXIES: ELLIPTICAL AND LENTICULAR, CD, GALAXIES: FUNDAMENTAL PARAMETERS, Astrophysics},
         year = 1999,
        month = dec,
       volume = {140},
        pages = {327-344},
          doi = {10.1051/aas:1999522},
archivePrefix = {arXiv},
       eprint = {astro-ph/9910392},
 primaryClass = {astro-ph},
       adsurl = {https://ui.adsabs.harvard.edu/abs/1999AandAS..140..327M},
      adsnote = {Provided by the SAO/NASA Astrophysics Data System}
}

@ARTICLE{1999ApJ...518...69M,
       author = {{Mahdavi}, Andisheh and {Geller}, Margaret J. and {B{\"o}hringer}, Hans and {Kurtz}, Michael J. and {Ramella}, Massimo},
        title = "{The Dynamics of Poor Systems of Galaxies}",
      journal = {\apj},
     keywords = {GALAXIES: CLUSTERS: GENERAL, GALAXIES: FUNDAMENTAL PARAMETERS, X-RAYS: GALAXIES, Galaxies: Clusters: General, Galaxies: Fundamental Parameters, X-Rays: Galaxies, Astrophysics},
         year = 1999,
        month = jun,
       volume = {518},
       number = {1},
        pages = {69-93},
          doi = {10.1086/307280},
archivePrefix = {arXiv},
       eprint = {astro-ph/9901095},
 primaryClass = {astro-ph},
       adsurl = {https://ui.adsabs.harvard.edu/abs/1999ApJ...518...69M},
      adsnote = {Provided by the SAO/NASA Astrophysics Data System}
}

@ARTICLE{1999PASP..111..438F,
       author = {{Falco}, Emilio E. and {Kurtz}, Michael J. and {Geller}, Margaret J. and {Huchra}, John P. and {Peters}, James and {Berlind}, Perry and {Mink}, Douglas J. and {Tokarz}, Susan P. and {Elwell}, Barbara},
        title = "{The Updated Zwicky Catalog (UZC)}",
      journal = {\pasp},
     keywords = {ASTROMETRY, CATALOGS, COSMOLOGY: OBSERVATIONS, GALAXIES: DISTANCES AND REDSHIFTS, Astrophysics},
         year = 1999,
        month = apr,
       volume = {111},
       number = {758},
        pages = {438-452},
          doi = {10.1086/316343},
archivePrefix = {arXiv},
       eprint = {astro-ph/9904265},
 primaryClass = {astro-ph},
       adsurl = {https://ui.adsabs.harvard.edu/abs/1999PASP..111..438F},
      adsnote = {Provided by the SAO/NASA Astrophysics Data System}
}

@ARTICLE{1999MNRAS.305..259W,
       author = {{Wegner}, Gary and {Colless}, Matthew and {Saglia}, R.~P. and {McMahan}, Robert K. and {Davies}, Roger L. and {Burstein}, David and {Baggley}, Glenn},
        title = "{The peculiar motions of early-type galaxies in two distant regions - II. The spectroscopic data}",
      journal = {\mnras},
     keywords = {SURVEYS, GALAXIES: CLUSTERS: GENERAL, GALAXIES: DISTANCES AND REDSHIFTS, GALAXIES: ELLIPTICAL AND LENTICULAR, CD, LARGE-SCALE STRUCTURE OF UNIVERSE, Astrophysics},
         year = 1999,
        month = apr,
       volume = {305},
       number = {2},
        pages = {259-296},
          doi = {10.1046/j.1365-8711.1999.02339.x},
archivePrefix = {arXiv},
       eprint = {astro-ph/9811241},
 primaryClass = {astro-ph},
       adsurl = {https://ui.adsabs.harvard.edu/abs/1999MNRAS.305..259W},
      adsnote = {Provided by the SAO/NASA Astrophysics Data System}
}

@ARTICLE{1999ApJS..121..287H,
       author = {{Huchra}, John P. and {Vogeley}, Michael S. and {Geller}, Margaret J.},
        title = "{The CFA Redshift Survey: Data for the South Galactic CAP}",
      journal = {\apjs},
     keywords = {GALAXIES: DISTANCES AND REDSHIFTS, COSMOLOGY: LARGE-SCALE STRUCTURE OF UNIVERSE, SURVEYS, Galaxies: Distances and Redshifts, Cosmology: Large-Scale Structure of Universe, Surveys},
         year = 1999,
        month = apr,
       volume = {121},
       number = {2},
        pages = {287-368},
          doi = {10.1086/313194},
       adsurl = {https://ui.adsabs.harvard.edu/abs/1999ApJS..121..287H},
      adsnote = {Provided by the SAO/NASA Astrophysics Data System}
}

@ARTICLE{1998ApJS..119..277G,
       author = {{Grogin}, Norman A. and {Geller}, Margaret J. and {Huchra}, John P.},
        title = "{A Complete Redshift Survey to the Zwicky Catalog Limit in a 2$^{h}$ {\texttimes} 15{\textdegree} Region around 3C 273}",
      journal = {\apjs},
     keywords = {CATALOGS, GALAXIES: DISTANCES AND REDSHIFTS, COSMOLOGY: LARGE-SCALE STRUCTURE OF UNIVERSE, SURVEYS, Catalogs, Galaxies: Distances and Redshifts, Cosmology: Large-Scale Structure of Universe, Surveys, Astrophysics},
         year = 1998,
        month = dec,
       volume = {119},
       number = {2},
        pages = {277-285},
          doi = {10.1086/313164},
archivePrefix = {arXiv},
       eprint = {astro-ph/9807067},
 primaryClass = {astro-ph},
       adsurl = {https://ui.adsabs.harvard.edu/abs/1998ApJS..119..277G},
      adsnote = {Provided by the SAO/NASA Astrophysics Data System}
}

@ARTICLE{1998AandAS..130..333T,
       author = {{Theureau}, G. and {Bottinelli}, L. and {Coudreau-Durand}, N. and {Gouguenheim}, L. and {Hallet}, N. and {Loulergue}, M. and {Paturel}, G. and {Teerikorpi}, P.},
        title = "{Kinematics of the local universe. VII. New 21-cm line measurements of 2112 galaxies}",
      journal = {\aaps},
     keywords = {CATALOGS, GALAXIES: DISTANCES AND REDSHIFTS, ISM, RADIO LINES: GALAXIES},
         year = 1998,
        month = jun,
       volume = {130},
        pages = {333-339},
          doi = {10.1051/aas:1998416},
       adsurl = {https://ui.adsabs.harvard.edu/abs/1998AandAS..130..333T},
      adsnote = {Provided by the SAO/NASA Astrophysics Data System}
}

@ARTICLE{1998AandAS..130..267L,
       author = {{Longhetti}, M. and {Rampazzo}, R. and {Bressan}, A. and {Chiosi}, C.},
        title = "{Star formation history of early-type galaxies in low density environments. II. Kinematics}",
      journal = {\aaps},
     keywords = {GALAXIES: ELLIPTICAL AND LENTICULAR, GALAXIES: INTERACTIONS, GALAXIES: KINEMATICS AND DYNAMICS},
         year = 1998,
        month = jun,
       volume = {130},
        pages = {267-283},
          doi = {10.1051/aas:1998411},
       adsurl = {https://ui.adsabs.harvard.edu/abs/1998AandAS..130..267L},
      adsnote = {Provided by the SAO/NASA Astrophysics Data System}
}

@ARTICLE{1997AJ....113.1197H,
       author = {{Haynes}, Martha P. and {Giovanelli}, Riccardo and {Herter}, Terry and {Vogt}, Nicole P. and {Freudling}, Wolfram and {Maia}, M.~A.~G. and {Salzer}, J.~J. and {Wegner}, G.},
        title = "{21 CM H1 Line Spectra of Galaxies in Nearby Clusters}",
      journal = {\aj},
         year = 1997,
        month = apr,
       volume = {113},
        pages = {1197-1211},
          doi = {10.1086/118337},
       adsurl = {https://ui.adsabs.harvard.edu/abs/1997AJ....113.1197H},
      adsnote = {Provided by the SAO/NASA Astrophysics Data System}
}

@ARTICLE{1997ApJS..110....1D,
       author = {{de Carvalho}, Reinaldo R. and {Ribeiro}, Andr{\'e} L.~B. and {Capelato}, Hugo V. and {Zepf}, Stephen E.},
        title = "{Redshift Survey of Galaxies around a Selected Sample of Compact Groups}",
      journal = {\apjs},
     keywords = {GALAXIES: CLUSTERS: GENERAL, GALAXIES: DISTANCES AND REDSHIFTS, METHODS: STATISTICAL, Galaxies: Clusters: General, Galaxies: Distances and Redshifts, Methods: Statistical},
         year = 1997,
        month = jan,
       volume = {110},
       number = {1},
        pages = {1-8},
          doi = {10.1086/312992},
       adsurl = {https://ui.adsabs.harvard.edu/abs/1997ApJS..110....1D},
      adsnote = {Provided by the SAO/NASA Astrophysics Data System}
}

@ARTICLE{1996ApJS..107...97M,
       author = {{Mathewson}, D.~S. and {Ford}, V.~L.},
        title = "{Parameters of 2447 Southern Spiral Galaxies for Use in the Tully-Fisher Relation}",
      journal = {\apjs},
     keywords = {GALAXIES: DISTANCES AND REDSHIFTS, GALAXIES: KINEMATICS AND DYNAMICS, GALAXIES: PHOTOMETRY, SURVEYS},
         year = 1996,
        month = nov,
       volume = {107},
        pages = {97},
          doi = {10.1086/192356},
       adsurl = {https://ui.adsabs.harvard.edu/abs/1996ApJS..107...97M},
      adsnote = {Provided by the SAO/NASA Astrophysics Data System}
}

@ARTICLE{1996AJ....112.1803M,
       author = {{Marzke}, Ronald O. and {Huchra}, John P. and {Geller}, Margaret J.},
        title = "{Large-Scale Structure at Low Galactic Latitude}",
      journal = {\aj},
     keywords = {LARGE-SCALE STRUCTURE OF UNIVERSE, GALAXIES: DISTANCES AND REDSHIFTS},
         year = 1996,
        month = nov,
       volume = {112},
        pages = {1803},
          doi = {10.1086/118142},
       adsurl = {https://ui.adsabs.harvard.edu/abs/1996AJ....112.1803M},
      adsnote = {Provided by the SAO/NASA Astrophysics Data System}
}

@ARTICLE{1996AJ....111.2212S,
       author = {{Shaya}, E.~J. and {Dowling}, D.~M. and {Currie}, D.~G. and {Faber}, S.~M. and {Ajhar}, E.~A. and {Lauer}, T.~R. and {Groth}, E.~J. and {Grillmair}, C.~J. and {Lynd}, R. and {O'Neil}, E.~J., Jr.},
        title = "{Hubble Space Telescope Planetary Camera Images of NGC 1316 (Fornax A)}",
      journal = {\aj},
     keywords = {GALAXIES: INDIVIDUAL: NGC 1316, INSTRUMENTATION: CAMERAS, GALAXIES: PECULIAR, Astrophysics},
         year = 1996,
        month = jun,
       volume = {111},
        pages = {2212},
          doi = {10.1086/117955},
archivePrefix = {arXiv},
       eprint = {astro-ph/9603056},
 primaryClass = {astro-ph},
       adsurl = {https://ui.adsabs.harvard.edu/abs/1996AJ....111.2212S},
      adsnote = {Provided by the SAO/NASA Astrophysics Data System}
}

@ARTICLE{1996AandAS..116...43P,
       author = {{Popescu}, C.~C. and {Hopp}, U. and {Hagen}, H.~J. and {Elsaesser}, H.},
        title = "{Search for emission-line galaxies towards nearby voids. Observational data.}",
      journal = {\aaps},
     keywords = {LARGE SCALE STRUCTURE OF THE UNIVERSE, GALAXIES: REDSHIFTS SURVEYS, GALAXIES: IRREGULAR, Astrophysics},
         year = 1996,
        month = mar,
       volume = {116},
        pages = {43-74},
archivePrefix = {arXiv},
       eprint = {astro-ph/9510127},
 primaryClass = {astro-ph},
       adsurl = {https://ui.adsabs.harvard.edu/abs/1996AandAS..116...43P},
      adsnote = {Provided by the SAO/NASA Astrophysics Data System}
}

@ARTICLE{1996ApJ...458..435C,
       author = {{Colless}, Matthew and {Dunn}, Andrew M.},
        title = "{Structure and Dynamics of the Coma Cluster}",
      journal = {\apj},
     keywords = {GALAXIES: CLUSTERS: INDIVIDUAL NAME: COMA, GALAXIES: DISTANCES AND REDSHIFTS, GALAXIES: ELLIPTICAL AND LENTICULAR, CD, GALAXIES: KINEMATICS AND DYNAMICS, Astrophysics},
         year = 1996,
        month = feb,
       volume = {458},
        pages = {435},
          doi = {10.1086/176827},
archivePrefix = {arXiv},
       eprint = {astro-ph/9508070},
 primaryClass = {astro-ph},
       adsurl = {https://ui.adsabs.harvard.edu/abs/1996ApJ...458..435C},
      adsnote = {Provided by the SAO/NASA Astrophysics Data System}
}

@ARTICLE{1996AandAS..115..407R,
       author = {{Rhee}, M. -H. and {van Albada}, T.~S.},
        title = "{Short WSRT HI observations of spiral galaxies.}",
      journal = {\aaps},
     keywords = {GALAXIES: FUNDAMENTAL PARAMETERS, GALAXIES: ISM, GALAXIES: KINEMATICS AND DYNAMICS, GALAXIES: STRUCTURE, GALAXIES: SPIRAL, RADIO LINES: GALAXIES},
         year = 1996,
        month = feb,
       volume = {115},
        pages = {407-437},
       adsurl = {https://ui.adsabs.harvard.edu/abs/1996AandAS..115..407R},
      adsnote = {Provided by the SAO/NASA Astrophysics Data System}
}

@ARTICLE{1996AandAS..115...75C,
       author = {{Costa}, E. and {Loyola}, P.},
        title = "{Optical astrometry of Benchmark radio sources. III. Positions of 35 southern extragalactic radio sources with respect to the International Reference Stars catalogue.}",
      journal = {\aaps},
     keywords = {ASTROMETRY, RADIO CONTINUUM: STARS, REFERENCE SYSTEM, QUASARS: Q0523-570},
         year = 1996,
        month = jan,
       volume = {115},
        pages = {75},
       adsurl = {https://ui.adsabs.harvard.edu/abs/1996AandAS..115...75C},
      adsnote = {Provided by the SAO/NASA Astrophysics Data System}
}

@ARTICLE{1995ApJS..100...69F,
       author = {{Fisher}, Karl B. and {Huchra}, John P. and {Strauss}, Michael A. and {Davis}, Marc and {Yahil}, Amos and {Schlegel}, David},
        title = "{The IRAS 1.2 Jy Survey: Redshift Data}",
      journal = {\apjs},
     keywords = {GALAXIES: DISTANCES AND REDSHIFTS, INFRARED: GALAXIES, SURVEYS, Astrophysics},
         year = 1995,
        month = sep,
       volume = {100},
        pages = {69},
          doi = {10.1086/192208},
archivePrefix = {arXiv},
       eprint = {astro-ph/9502101},
 primaryClass = {astro-ph},
       adsurl = {https://ui.adsabs.harvard.edu/abs/1995ApJS..100...69F},
      adsnote = {Provided by the SAO/NASA Astrophysics Data System}
}

@ARTICLE{1995ApJ...450..559B,
       author = {{Becker}, Robert H. and {White}, Richard L. and {Helfand}, David J.},
        title = "{The FIRST Survey: Faint Images of the Radio Sky at Twenty Centimeters}",
      journal = {\apj},
     keywords = {RADIO CONTINUUM: GENERAL, SURVEYS},
         year = 1995,
        month = sep,
       volume = {450},
        pages = {559},
          doi = {10.1086/176166},
       adsurl = {https://ui.adsabs.harvard.edu/abs/1995ApJ...450..559B},
      adsnote = {Provided by the SAO/NASA Astrophysics Data System}
}

@ARTICLE{1995ApJS...99..391H,
       author = {{Huchra}, John P. and {Geller}, Margaret J. and {Corwin}, Harold G., Jr.},
        title = "{The CfA Redshift Survey: Data for the NGP +36 Zone}",
      journal = {\apjs},
     keywords = {GALAXIES: DISTANCES AND REDSHIFTS, GALAXIES: FUNDAMENTAL PARAMETERS, SURVEYS},
         year = 1995,
        month = aug,
       volume = {99},
        pages = {391},
          doi = {10.1086/192191},
       adsurl = {https://ui.adsabs.harvard.edu/abs/1995ApJS...99..391H},
      adsnote = {Provided by the SAO/NASA Astrophysics Data System}
}

@ARTICLE{1995AJ....109..874B,
       author = {{Beers}, Timothy C. and {Kriessler}, Jeffrey R. and {Bird}, Christina M. and {Huchra}, John P.},
        title = "{Kinematics and Dynamics of the MKW/AWM Poor Clusters}",
      journal = {\aj},
     keywords = {Absorption Spectra, Dynamic Characteristics, Galactic Clusters, Kinematics, Line Spectra, Mass To Light Ratios, Red Shift, Velocity Distribution, Astronomical Maps, Astronomical Spectroscopy, Data Reduction, Spatial Distribution, Spectrum Analysis, Statistical Analysis, Astronomy, GALAXIES: KINEMATICS AND DYNAMICS, GALAXIES: CLUSTERING, GALAXIES: INTERACTIONS},
         year = 1995,
        month = mar,
       volume = {109},
        pages = {874},
          doi = {10.1086/117329},
       adsurl = {https://ui.adsabs.harvard.edu/abs/1995AJ....109..874B},
      adsnote = {Provided by the SAO/NASA Astrophysics Data System}
}

@ARTICLE{1993AJ....106.1394B,
       author = {{Bosma}, A. and {Freeman}, K.~C.},
        title = "{On the Central Surface Brightness Problem in Disk Galaxies}",
      journal = {\aj},
     keywords = {Disk Galaxies, Galactic Structure, Sky Surveys (Astronomy), Stellar Luminosity, Astronomical Photometry, Isophotes, Star Distribution, Astrophysics, GALAXIES: SPIRAL, GALAXIES: STRUCTURE, Radio sources, Active gal. nuclei compact-source sample and calibrator sample},
         year = 1993,
        month = oct,
       volume = {106},
        pages = {1394},
          doi = {10.1086/116734},
       adsurl = {https://ui.adsabs.harvard.edu/abs/1993AJ....106.1394B},
      adsnote = {Provided by the SAO/NASA Astrophysics Data System}
}

@ARTICLE{1993AJ....106.1273Z,
       author = {{Zabludoff}, Ann I. and {Geller}, Margaret J. and {Huchra}, John P. and {Vogeley}, Michael S.},
        title = "{The Kinematics of Dense Clusters of Galaxies. I. the Data}",
      journal = {\aj},
     keywords = {Dark Matter, Galactic Clusters, Red Shift, Velocity Distribution, Astronomical Models, Galactic Rotation, Galactic Structure, Astrophysics, GALAXIES: CLUSTERS: INDIVIDUAL: ABELL, GALAXIES: DISTANCES AND REDSHIFTS, GALAXIES: CD},
         year = 1993,
        month = oct,
       volume = {106},
        pages = {1273},
          doi = {10.1086/116725},
       adsurl = {https://ui.adsabs.harvard.edu/abs/1993AJ....106.1273Z},
      adsnote = {Provided by the SAO/NASA Astrophysics Data System}
}

@ARTICLE{1993AandAS...99..379O,
       author = {{Oosterloo}, T. and {Shostak}, S.},
        title = "{HI observations of binary spiral galaxies.}",
      journal = {\aaps},
     keywords = {Galactic Evolution, Galactic Structure, Interacting Galaxies, Spiral Galaxies, Angular Momentum, Galactic Rotation, H Lines, Radio Telescopes, Astrophysics},
         year = 1993,
        month = jun,
       volume = {99},
        pages = {379-406},
       adsurl = {https://ui.adsabs.harvard.edu/abs/1993AandAS...99..379O},
      adsnote = {Provided by the SAO/NASA Astrophysics Data System}
}

@ARTICLE{1993AJ....105.1637H,
       author = {{Huchra}, John and {Latham}, David W. and {da Costa}, L.~N. and {Pellegrini}, P.~S. and {Willmer}, C.~N.~A.},
        title = "{The Morphological Catalogue of Galaxies Equatorial Survey}",
      journal = {\aj},
     keywords = {Astronomical Catalogs, Galaxies, Morphology, Red Shift, Spatial Distribution, Data Reduction, Galactic Evolution, Spiral Galaxies, Astronomy, GALAXIES: DISTANCES AND REDSHIFTS, CATALOGS, SURVEYS},
         year = 1993,
        month = may,
       volume = {105},
        pages = {1637},
          doi = {10.1086/116543},
       adsurl = {https://ui.adsabs.harvard.edu/abs/1993AJ....105.1637H},
      adsnote = {Provided by the SAO/NASA Astrophysics Data System}
}

@ARTICLE{1992ApJS...81..413M,
       author = {{Mathewson}, D.~S. and {Ford}, V.~L. and {Buchhorn}, M.},
        title = "{A Southern Sky Survey of the Peculiar Velocities of 1355 Spiral Galaxies}",
      journal = {\apjs},
     keywords = {Galactic Clusters, Sky Surveys (Astronomy), Southern Sky, Spiral Galaxies, Astronomical Catalogs, Astronomical Photometry, Astronomical Spectroscopy, Brightness Distribution, Charge Coupled Devices, Galactic Rotation, Hubble Diagram, Astrophysics, GALAXIES: DISTANCES AND REDSHIFTS, GALAXIES: KINEMATICS AND DYNAMICS, GALAXIES: PHOTOMETRY, SURVEYS},
         year = 1992,
        month = aug,
       volume = {81},
        pages = {413},
          doi = {10.1086/191700},
       adsurl = {https://ui.adsabs.harvard.edu/abs/1992ApJS...81..413M},
      adsnote = {Provided by the SAO/NASA Astrophysics Data System}
}

@ARTICLE{1992ApJS...79..157F,
       author = {{Freudling}, Wolfram and {Haynes}, Martha P. and {Giovanelli}, Riccardo},
        title = "{H i Observations of Galaxies in the Hercules Supercluster. II. Additional UGC Galaxies and Galaxies in Selected CGCG Fields}",
      journal = {\apjs},
     keywords = {Cosmology, Galactic Clusters, H Lines, Astronomical Observatories, Red Shift, Sky Surveys (Astronomy), Astrophysics, COSMOLOGY: OBSERVATIONS, GALAXIES: DISTANCES AND REDSHIFTS, RADIO LINES: ATOMIC, SURVEYS},
         year = 1992,
        month = apr,
       volume = {79},
        pages = {157},
          doi = {10.1086/191649},
       adsurl = {https://ui.adsabs.harvard.edu/abs/1992ApJS...79..157F},
      adsnote = {Provided by the SAO/NASA Astrophysics Data System}
}

@ARTICLE{1990MNRAS.243..692M,
       author = {{Maddox}, S.~J. and {Sutherland}, W.~J. and {Efstathiou}, G. and {Loveday}, J.},
        title = "{The APM galaxy survey - I. APM measurements and star-galaxy separation.}",
      journal = {\mnras},
     keywords = {Astronomical Photometry, Galactic Mass, Image Analysis, Sky Surveys (Astronomy), Stellar Structure, Galactic Clusters, Galactic Evolution, Hubble Constant, Photographic Plates, Spatial Distribution, Astrophysics},
         year = 1990,
        month = apr,
       volume = {243},
        pages = {692-712},
       adsurl = {https://ui.adsabs.harvard.edu/abs/1990MNRAS.243..692M},
      adsnote = {Provided by the SAO/NASA Astrophysics Data System}
}

@ARTICLE{1988PASP..100.1423M,
       author = {{Michel}, April and {Huchra}, John},
        title = "{Redshifts of Galaxies in the Winter Plane}",
      journal = {\pasp},
     keywords = {Astronomical Coordinates, Galactic Radiation, Red Shift, Sky Surveys (Astronomy), Astronomical Catalogs, Interstellar Extinction, Winter, Astronomy, GALAXIES: REDSHIFTS, NEBULAE: PLANETARY, CLUSTERS: OPEN, NEBULAE: REFLECTION},
         year = 1988,
        month = nov,
       volume = {100},
        pages = {1423},
          doi = {10.1086/132342},
       adsurl = {https://ui.adsabs.harvard.edu/abs/1988PASP..100.1423M},
      adsnote = {Provided by the SAO/NASA Astrophysics Data System}
}

@ARTICLE{1987AJ.....94..501K,
       author = {{Klemola}, A.~R. and {Jones}, B.~F. and {Hanson}, Robert B.},
        title = "{Lick Northern Proper Motion Program. I. Goals, Organization, and Methods}",
      journal = {\aj},
     keywords = {Astrometry, Astronomical Photography, Blue Stars, Northern Sky, Stellar Magnitude, Stellar Motions, Astrography, Reference Stars, Stellar Luminosity, Stellar Spectrophotometry, Astronomy, ANALYTICAL METHODS, ASTROMETRY, STARS: PROPER-MOTION},
         year = 1987,
        month = aug,
       volume = {94},
        pages = {501},
          doi = {10.1086/114489},
       adsurl = {https://ui.adsabs.harvard.edu/abs/1987AJ.....94..501K},
      adsnote = {Provided by the SAO/NASA Astrophysics Data System}
}

@ARTICLE{1985BICDS..29...87K,
       author = {{Karachentsev}, I. and {Lebedev}, V. and {Shcherbanovski}, A.},
        title = "{Catalogue of isolated pairs of galaxies in the northern hemisphere}",
      journal = {Bulletin d'Information du Centre de Donnees Stellaires},
         year = 1985,
        month = nov,
       volume = {29},
        pages = {87},
       adsurl = {https://ui.adsabs.harvard.edu/abs/1985BICDS..29...87K},
      adsnote = {Provided by the SAO/NASA Astrophysics Data System}
}

@ARTICLE{1982AJ.....87.1656H,
       author = {{Hintzen}, P. and {Hill}, J.~M. and {Lindley}, D. and {Scott}, J.~S. and {Angel}, J.~R.~P.},
        title = "{Medusa spectroscopy of A400, A576, A1767, and A2124.}",
      journal = {\aj},
     keywords = {Astronomical Spectroscopy, Fiber Optics, Galactic Clusters, Radial Velocity, Charge Coupled Devices, Error Analysis, Luminosity, Root-Mean-Square Errors, X Ray Astronomy, Astronomy},
         year = 1982,
        month = dec,
       volume = {87},
        pages = {1656-1667},
          doi = {10.1086/113258},
       adsurl = {https://ui.adsabs.harvard.edu/abs/1982AJ.....87.1656H},
      adsnote = {Provided by the SAO/NASA Astrophysics Data System}
}

@ARTICLE{1961AJ.....66..558M,
       author = {{Minkowski}, R.},
        title = "{NGC 6166 and the cluster Abell 2199}",
      journal = {\aj},
         year = 1961,
        month = dec,
       volume = {66},
        pages = {558},
          doi = {10.1086/108464},
       adsurl = {https://ui.adsabs.harvard.edu/abs/1961AJ.....66..558M},
      adsnote = {Provided by the SAO/NASA Astrophysics Data System}
}

